3746 4720
360 301 446 402 346
581 347 586 355 ’
752 279 995 424 Diplomatd
1025 277 1335 424 Imperatorum

364 542 571 614 sterialibus
597 545 748 625 nostris,
774 543 1037 661 totiqueelero
1065 537 1251 628 sinuatis,
1276 543 1314 612 1ιι
1341 541 1530 631 Ecclesiis,
1527 523 1537 539 ’
1556 545 1740 615 Menoete-

365 645 449 730 riis,
474 639 695 714 Osticielibus
721 646 957 738 personisque
981 667 1126 731 eorum,
1148 593 1310 714 familiis
1356 643 1490 717 Rebus.
1532 643 1737 716 Curiorum.

366 754 401 812 et
425 744 616 813 domorum
642 745 897 821 emunitatibus
922 755 1176 831 conset-uetur,
1204 745 1312 828 Curis
1338 765 1482 856 quoque
1499 753 1535 812 et
1540 745 1741 849 demusin

366 843 571 936 Herbergas
596 847 799 936 hospitibus
826 866 900 913 non
925 846 1123 916 tradentur.
1176 843 1287 914 Nec
1277 867 1315 911 ιιι
1341 841 1394 912 eis
1411 865 1607 939 preconum
1628 855 1663 914 et
1678 847 1743 914 1ιι

367 943 486 1013 dicum
513 947 728 1016 secularium
744 929 894 1014 Judiciis
921 947 980 1014 uel
1001 945 1124 1015 edictis
1143 967 1184 1012 ac
1201 943 1440 1058 captivatione
1457 946 1641 1012 hominum
1660 969 1743 1038 per·

367 1045 571 1132 turbentur,
597 1046 687 1115 Item
714 1057 752 1114 ut
779 1045 1006 1140 quocumque
1034 1044 1163 1113 modo
1161 1066 1224 1115 seu
1242 1043 1399 1128 nornine,
1425 1045 1569 1134 publice
1586 1067 1651 1114 seu
1667 1048 1742 1136 pri·

366 1145 498 1232 uutim,
525 1147 687 1236 precaris
714 1147 791 1215 siue
820 1145 938 1214 Stirre
956 1146 1217 1237 imponantur,
1244 1142 1414 1212 medietas
1433 1144 1536 1212 cedat
1556 1144 1742 1236 Episcopo

365 1247 595 1334 Augustensi.
654 1248 731 1341 Qus
747 1247 929 1337 ·'precarie
962 1245 1039 1314 siue
1066 1245 1184 1314 Stirre
1218 1253 1302 1314 sunt
1326 1243 1375 1313 de
1397 1244 1547 1312 consilio
1574 1245 1741 1314 eiusdem

364 1342 534 1436 Episcopi
560 1348 813 1462 Augustensis,
840 1348 902 1437 qui
929 1368 995 1435 pro
1023 1357 1186 1436 ternpore
1212 1344 1342 1428 luerit,
1376 1365 1441 1434 por
1466 1344 1576 1436 ipsius
1599 1344 1741 1436 dominj

367 1443 547 1514 Cronradi
573 1446 661 1514 Rev
628 1468 694 1542 qm
716 1446 935 1525 'Consulem
962 1446 1122 1516 Ecclesia
1147 1455 1272 1516 nostre
1299 1443 1528 1542 consiliariis,
1561 1445 1743 1562 presenti·

370 1543 438 1612 bus
467 1544 543 1613 sine
571 1543 653 1614 dolo
681 1553 717 1614 et
748 1543 875 1616 fraude
902 1547 1064 1639 qualibet
1097 1541 1337 1638 imponendo,
1387 1543 1441 1616 Ad
1475 1545 1540 1612 hec
1573 1545 1742 1635 promisit

365 1651 406 1709 ut
433 1643 555 1714 officiis
581 1641 747 1734 thelonei.
798 1645 954 1716 Monate
1007 1643 1225 1716 Profectnre.
1279 1645 1460 1733 caupone
1499 1645 1608 1760 quod·
1629 1647 1744 1714 Thae-

366 1763 475 1812 verne
501 1754 741 1836 nuncupatur,
768 1743 867 1837 pacis
893 1747 1041 1832 urbane,
1066 1768 1136 1840 que
1156 1743 1345 1814 Burcfride
1373 1745 1514 1826 dicitur,
1544 1755 1579 1813 et
1597 1745 1635 1814 in
1659 1747 1742 1814 aliis

363 1841 563 1912 Ecclesiam
588 1855 751 1914 nostram
777 1845 1117 1962 contingentibus,
1130 1847 1235 1914 nobis
1267 1845 1349 1941 jura
1375 1844 1497 1912 debita
1523 1865 1741 1912 conseruen-

369 1949 441 2010 tur.
494 1944 582 2012 Item
610 1953 650 2014 ut
686 1954 788 2012 extra
814 1941 1070 2032 ciuitatem,
1055 1969 1098 2013 ,ιιι
1124 1944 1254 2014 Curiis.
1307 1943 1540 2012 Villicalibus.
1593 1943 1742 2012 Officiis.

372 2041 564 2112 Dothariis.
617 2043 909 2114 Possessionibns
933 2053 1007 2112 tam
1034 2055 1158 2114 nostre
1186 2053 1293 2137 quain
1321 2043 1400 2112 aliis
1427 2043 1588 2112 ecclesiis
1626 2043 1736 2133 'perti-

366 2143 544 2213 nentibus
576 2143 781 2214 hominibus
809 2165 952 2238 quoque
979 2143 1136 2214 Colonia.
1173 2143 1371 2237 inquilinis.
1415 2141 1660 2210 Consualibus
1703 2141 1741 2210 in

366 2241 479 2334 ipsius
512 2243 708 2312 Aduocatie
732 2230 906 2318 districtu
938 2243 1189 2314 residentibus.
1225 2253 1348 2335 preter
1382 2243 1438 2338 ius
1472 2241 1736 2311 aduocaticinm

367 2341 554 2433 antiquum
582 2354 618 2412 et
632 2341 825 2458 debiturn,
852 2363 923 2435 quo
949 2353 1138 2413 contentus
1166 2365 1242 2412 esse
1270 2341 1394 2430 debet,
1420 2330 1740 2411 exactionesnulle

372 2439 470 2526 fiant,
507 2441 581 2511 Nec
609 2442 660 2512 eis
686 2465 754 2533 per
778 2443 890 2534 ipsius
917 2441 1054 2510 domini
1078 2443 1189 2538 Regis
1217 2443 1407 2531 officiales,
1441 2454 1478 2512 et
1514 2443 1665 2512 nuncios
1692 2440 1742 2510 in·

369 2553 558 2626 consuete,
572 2542 753 2634 ungarie
767 2555 802 2612 et
828 2563 981 2612 onerosa
1007 2543 1161 2612 seruicia
1185 2542 1427 2632 imponantur.
1479 2541 1669 2615 Adiectum
1691 2549 1744 2610 est

369 2641 494 2710 ettiam
521 2639 662 2726 (etiam)
689 2651 725 2713 et
750 2643 988 2786 promissum,
1028 2653 1070 2712 ut
1096 2641 1267 2735 quicquid
1292 2663 1359 2732 per
1385 2663 1451 2710 nos
1474 2643 1538 2710 'uel
1563 2637 1655 2710 alios
1682 2663 1744 2711 no·

236 2745 239 2752 ’
368 2741 465 2810 mine
491 2745 587 2811 uel
577 2763 677 2814 iussu
703 2736 847 2828 nostro!
874 2743 912 2812 1ιι
940 2735 1092 2838 Ciuitate
1119 2745 1178 2811 uel
1204 2751 1325 2827 extra,
1359 2740 1569 2810 abdelibus
1594 2743 1655 2810 uel
1681 2743 1743 2810 Ju-

370 2841 446 2910 deis
473 2852 636 2912 exactum
663 2856 737 2932 est,
762 2846 822 2913 uel
848 2833 1051 2935 receptum,
1089 2865 1154 2912 nec
1181 2841 1417 2911 restitutionis
1442 2841 1643 2930 beneficio,
1679 2863 1744 2908 nec

368 2941 440 3012 alio
468 2965 656 3058 quoquam
677 2895 810 3029 mddo,
842 2944 879 3010 in
903 2966 969 3012 ure
997 2947 1056 3009 uel
1083 2953 1188 3010 extra
1213 2949 1408 3032 repetatur.
1462 2941 1590 3034 Siquid
1617 2939 1742 3010 ettiam

370 3041 514 3123 (etium)
549 3039 782 3129 iniuriarum,
820 3043 878 3109 uel
905 3041 1088 3126 molestie,
1125 3041 1231 3109 nobis
1266 3063 1288 3109 a
1320 3041 1418 3112 dicto
1451 3040 1599 3110 domino
1625 3041 1738 3132 Rege,

359 3143 520 3236 ‘suisque
546 3141 778 3225 officialibus,
810 3142 871 3209 uel
893 3138 1099 3210 hominibus
1125 3139 1195 3209 sibi
1221 3135 1503 3232 pertinentibus,
1542 3141 1747 3231 irrogatum
1813 3219 1816 3222 ,

373 3250 445 3323 est,
470 3239 634 3309 totaliter
658 3239 824 3310 duximus
849 3238 1117 3334 remittendum.
1167 3241 1256 3308 ltem
1282 3241 1486 3316 ordinatum
1514 3251 1586 3326 est,
1623 3248 1663 3307 ut
1691 3239 1748 3309 ad·

373 3339 518 3408 uocatis
543 3339 724 3429 predicta,
759 3361 825 3431 per
850 3337 1030 3455 ιιιιΐιιῑιιιιι
1056 3338 1240 3408 dominnm
1267 3339 1516 3427 cuonradum,
1556 3361 1677 3430 neque
1711 3338 1748 3406 in

371 3447 467 3526 toto,
496 3461 613 3531 neque
641 3441 679 3510 1ιι
704 3450 826 3534 parte,
851 3461 918 3508 nee
944 3439 982 3508 in
1007 3439 1181 3528 Ciuitate,
1206 3462 1273 3510 nec
1300 3450 1420 3534 extra,
1460 3438 1567 3508 feudi.
1619 3439 1748 3530 Pigno-

370 3537 432 3606 ris.
459 3559 522 3608 seu
549 3541 619 3608 alio
646 3541 796 3634 quouis,
823 3535 1050 3610 alienationis
1075 3490 1201 3632 tituld,
1230 3539 1276 3608 ad
1301 3561 1426 3610 manus
1453 3539 1748 3608 aliustransiera·

372 3647 441 3706 tur.
492 3639 567 3708 Nec
595 3639 762 3733 cuiquam
787 3639 848 3729 alij
876 3639 944 3708 nisi
970 3636 1231 3709 ministeriali
1221 3641 1334 3730 rp'sius
1359 3638 1496 3709 domini
1521 3637 1657 3728 Regis,
1685 3638 1747 3704 uel

368 3739 528 3809 Ecclesie
555 3740 811 3831 Augustensis,
845 3751 907 3810 aut
933 3741 1014 3810 ciui
1040 3741 1133 3809 dieto
1159 3735 1324 3808 Ciuitatis
1348 3739 1604 3807 committatur.
1668 3736 1746 3804 Nisi

369 3835 466 3908 forte
501 3839 685 3920 dominum
711 3843 847 3931 Regem
880 3841 924 3910 ad
956 3851 1072 3911 terras
1105 3841 1321 3932 longinquas
1355 3837 1508 3907 transire
1538 3833 1745 3926 contigerit.

369 3946 455 4006 tunc
489 3937 704 4036 cuicumque
738 3950 872 4010 terram
905 3963 1007 4024 susm
1033 3962 1054 4010 a
1079 3949 1181 4030 tergo
1214 3936 1486 4030 gubernandam
1511 3934 1743 4017 commiserit,

319 4117 325 4130 1
369 4039 505 4128 poterit
531 4049 567 4110 et
594 4041 811 4114 aduocatum
835 4041 1062 4135 predictum,
1079 4041 1146 4111 sub
1173 4037 1275 4112 dictis
1303 4035 1549 4110 obseruunciis
1570 4032 1745 4128 usquead
