3864 4728
384 344 473 436 24'
524 401 529 428 ι
645 411 655 422 ,
881 357 885 364 ’
955 339 1208 430 Autheutiea

323 565 325 570 ¹
387 579 573 651 Lxquu
597 579 700 649 libris
726 551 850 670 pacate
875 578 1051 669 pecunie,
1076 573 1185 648 simul
1210 586 1245 646 et
1272 571 1448 648 fructibus
1472 577 1557 648 anni
1584 581 1700 671 gratie
1725 583 1766 652 si-

259 725 261 734 ι
387 683 425 749 bi
464 692 546 771 post
581 682 720 748 obitum
755 701 858 749 suum
892 678 937 746 ab
963 675 1123 748 Ecclesia
1157 689 1278 748 nostra
1306 677 1447 765 debite,
1488 699 1653 750 nee-non
1678 679 1767 768 aliis,
1901 683 1902 768 ἦ

179 835 182 854 ,
300 808 309 832 2
393 804 466 872 que
492 779 675 869 premissis
701 801 811 872 super
837 777 976 864 addite,
1001 779 1391 868 valoremintegeandi
1418 777 1605 876 dimidium
1631 802 1767 871 panem,

385 881 422 950 in
451 883 605 947 animam
633 891 669 947 et
695 879 952 949 conscientiam
978 898 1077 947 suam
1105 878 1338 968 verisimilius
1353 901 1545 973 superare
1548 901 1657 970 quam
1674 880 1768 972 equi·
1901 929 1902 974 3

273 971 278 982 ’
386 1003 517 1072 parare
552 981 741 1064 censebat,
780 979 982 1054 taceremus
1020 977 1149 1047 amodo
1184 957 1356 1068 predictis
1392 979 1557 1063 vicariis,
1598 978 1647 1048 ita
1673 981 1767 1072 quod
1850 1067 1856 1074 Ι

387 1078 536 1148 cuilibet
563 1080 767 1169 sigillatim,
795 1079 963 1161 cottidie,
989 1077 1080 1146 duos
1106 1079 1268 1176 integros
1295 1081 1407 1148 Panes
1434 1078 1532 1164 dari,
1559 1079 1633 1147 Nos
1658 1081 1767 1171 igitur

385 1172 631 1263 attendentes,
670 1177 767 1270 quod
805 1175 1033 1247 meritorium
1068 1187 1122 1246 est
1156 1179 1214 1268 pie
1249 1178 1302 1246 rei
1342 1178 1536 1246 statuenda
1569 1179 1766 1278 benignum

367 1280 543 1370 ¹prebere
571 1299 807 1366 consensum,
850 1263 1032 1367 Scriptum
1058 1288 1114 1346 est
1140 1278 1257 1364 enim,
1294 1273 1383 1345 Noli
1405 1269 1600 1367 prohibere
1626 1273 1766 1350 benefa-

388 1401 471 1448 cere
499 1401 580 1448 eunt
608 1380 670 1470 qui
696 1387 838 1470 potest,
877 1379 907 1446 si
934 1388 1036 1468 potes
1060 1388 1096 1447 et
1122 1377 1199 1468 ipse
1224 1375 1394 1465 benefac,
1436 1381 1593 1466 Accepta
1617 1381 1766 1469 pecunia

296 1519 301 1532 ι
388 1490 578 1570 prenotate
605 1490 640 1546 et
665 1478 916 1568 amplificando
941 1499 1008 1545 nec
1034 1499 1107 1547 non
1135 1478 1243 1545 etiam
1269 1476 1504 1545 instaurando
1531 1477 1615 1546 inde
1636 1479 1767 1548 Chora·

388 1581 459 1646 lem
487 1581 642 1646 Domum
669 1589 831 1646 nostram
859 1579 894 1644 in
921 1578 1083 1660 Stain,
1072 1601 1109 1643 ιιι
1136 1599 1219 1646 vaus
1246 1573 1404 1646 Ecclesia
1431 1575 1555 1646 nostre
1580 1598 1765 1666 conuersa,

388 1679 587 1769 habitoque
612 1688 780 1768 respectu
807 1699 879 1745 non
906 1687 977 1744 tam
995 1674 1039 1742 ad
1066 1677 1219 1792 predicti
1245 1676 1390 1745 Domini
1412 1676 1595 1746 Sibotcnia
1620 1680 1766 1769 uigilem

286 1780 292 1788 '
386 1777 595 1850 instantiam
623 1799 730 1868 quam
758 1775 800 1843 ad
828 1773 1073 1866 predictorum
1090 1776 1311 1846 vicariorum
1326 1777 1630 1867 iugeminChoeo
1647 1789 1766 1849 nostro

385 1876 647 1968 frequentiam,
682 1886 720 1944 vt
755 1877 783 1945 si
820 1897 893 1944 nou
919 1875 1113 1959 eminenti,
1150 1877 1278 1945 saltem
1305 1873 1533 1946 conuenienti
1561 1900 1765 1947 remunera·

386 1975 485 2043 tione
524 1975 710 2062 fruantur,
747 1978 867 2045 votive
901 1975 1155 2066 supplicationi
1183 1976 1318 2044 dudum
1344 1973 1430 2044 dieti
1455 1976 1602 2047 Domini
1628 1977 1766 2057 Sibcto·

386 2076 444 2172 nis
480 2076 582 2144 hee
573 2099 609 2142 m
635 2085 736 2166 parte
762 2075 1030 2158 consensimus,
1069 2097 1112 2142 ae
1139 2097 1250 2165 panes
1274 2086 1456 2180 pretectoe
1483 2081 1656 2167 pratentis
1683 2081 1765 2148 vica-

252 2177 258 2188 '
286 2195 289 2202 ⁴
386 2175 450 2245 ιὶἰι
476 2173 639 2264 integros
666 2175 812 2244 cottidie
840 2175 965 2244 damus
992 2186 1028 2243 et
1054 2197 1100 2242 ex
1126 2186 1210 2244 tunc
1237 2163 1419 2262 dedimus,
1445 2177 1614 2270 atquem
1643 2199 1765 2271 perpe

378 2285 490 2343 tuum
527 2275 605 2343 dari
638 2276 847 2343 mandemus
875 2286 911 2342 et
936 2273 1206 2362 mandauimus,
1248 2273 1455 2368 Omnesque
1481 2271 1543 2369 qui
1569 2279 1688 2349 uerbo
1713 2282 1766 2350 vel
1818 2293 1822 2304 '

385 2373 482 2442 facto
508 2397 657 2464 presens
684 2360 889 2444 mandatum
917 2385 1080 2443 nostrum
1105 2379 1192 2444 haut
1217 2373 1378 2461 dubium,
1406 2377 1504 2462 vtile,
1529 2379 1687 2465 salubre,
1713 2403 1766 2470 pa·
1901 2441 1902 2444 ,

386 2474 478 2541 ritca·
505 2483 539 2542 ct
566 2478 774 2560 honestum,
801 2485 937 2542 temere
964 2485 1105 2542 mutare
1130 2475 1190 2542 uel
1216 2475 1360 2544 irritare
1387 2479 1658 2566 temptauerint,
1687 2489 1766 2548 tam·
1900 2491 1902 2530 ²

386 2595 498 2680 quam
520 2574 659 2643 vltione
686 2570 808 2644 diuina
835 2571 1010 2666 perinde
1037 2573 1297 2664 plectendos,
1285 2594 1323 2664 m
1350 2573 1420 2644 hiis
1446 2573 1589 2668 scriptia
1616 2578 1766 2650 detesta-
1900 2567 1902 2590 ¹

387 2695 472 2740 mur¹
497 2683 532 2741 et
558 2693 793 2763 execramur,
819 2683 855 2742 et
881 2669 1110 2759 abdicamus,
1135 2673 1361 2744 lt‘cbocantes
1387 2685 1567 2766 patentem
1593 2679 1688 2748 hanc
1713 2701 1766 2770 pa·

364 2768 509 2862 'ginam
536 2771 681 2843 inhuius
708 2775 791 2842 facti
819 2771 1062 2846 testimonium
1089 2785 1267 2864 perpetuo
1293 2776 1504 2862 valiturum,
1546 2777 1627 2846 Non
1655 2769 1765 2848 solum

387 2875 610 2964 appensione
637 2875 751 2964 sigilli
785 2874 899 2943 nostri
926 2871 1096 2960 illationis,
1132 2896 1260 2944 verum
1295 2869 1402 2943 etiam
1430 2875 1684 2947 subnotatione
1707 2899 1765 2948 no·

388 2973 527 3040 minum
561 2974 714 3043 fratrum
751 2983 787 3041 et
813 2973 1121 3042 canonicorum
1103 2997 1149 3040 an
1175 2975 1356 3086 praeputia
1381 2974 1425 3042 ad
1452 2997 1585 3065 corpus
1612 2972 1764 3070 Capituli

386 3072 611 3140 Patauiensia
628 3073 790 3139 Ecclesia
817 3073 1086 3161 pertinentium.
1138 3073 1196 3140 Hii
1223 3083 1306 3142 sunt
1331 3075 1457 3144 Siboto
1482 3076 1528 3144 de
1545 3075 1764 3147 Tannbeech.

390 3170 534 3240 Ulricua
561 3170 604 3238 de
632 3171 766 3259 Styeia.
815 3172 1001 3259 Mingotus
1028 3169 1072 3238 de
1098 3171 1287 3242 Waldeltlt.
1338 3172 1586 3245 Wernlnacdua
1613 3177 1659 3247 de
1683 3178 1762 3249 Selt·

387 3269 503 3336 eeuia.
553 3269 750 3338 Leutoldus
783 3267 828 3337 de
862 3266 1129 3339 Sehovnbeech.
1195 3267 1388 3363 Pilgrimua
1423 3275 1468 3344 de
1502 3275 1695 3366 Capella
1708 3279 1764 3349 lo·

388 3371 525 3436 hennae
552 3369 597 3437 de
622 3369 817 3459 Peiesinga.
868 3369 1059 3450 Haiaricus
1085 3369 1129 3439 de
1145 3371 1323 3444 Boelnita.
1375 3373 1598 3444 Schatilanus
1623 3358 1763 3448 ‹lellos

388 3469 496 3535 lewe.
548 3466 778 3538 Eberhardus
803 3487 944 3537 comes
940 3468 995 3537 dc
1020 3471 1249 3540 Wartstaein.
1299 3473 1469 3542 Albcrtus
1494 3474 1540 3543 de
1563 3477 1762 3569 Morapaelt.

387 3565 623 3636 Wiecherdua
660 3568 703 3636 (le
737 3569 1040 3640 Stoneheaberch.
1100 3571 1294 3642 Heinricus
1328 3573 1625 3647 Chothaimariua.
1678 3575 1764 3646 Del)-

388 3666 521 3733 hardus
554 3665 597 3735 de
622 3671 745 3738 walse
794 3666 928 3737 Actum
952 3669 1098 3738 Patauie
1123 3673 1227 3742 Anno
1263 3673 1308 3741 ab
1336 3674 1587 3744 incarnatione
1612 3675 1760 3746 Domini.

385 3766 904 3857 M⁰.CC⁰.Nonages1mo.V⁰.·
931 3767 1024 3838 xvi.
1060 3771 1239 3840 lialendae
1270 3774 1414 3862 Aprilis.
1464 3774 1691 3844 Ratifieatum
1716 3785 1760 3844 et

387 3865 647 3959 confirmatum
672 3869 819 3940 ibidem.
871 3871 975 3938 Anne
1001 3869 1146 3940 Domini
1171 3873 1427 3946 M⁰.CCG⁰V⁰.
1454 3873 1757 3967 accusauerat...
