3804 4718
400 315 486 398 144
789 301 1034 419 Diplomata
1062 299 1375 410 Imperatorum
1409 255 1412 260 Ι

398 535 662 610 communicato
695 495 848 606 consitio
880 535 1094 610 dilectorum
1128 543 1337 604 nostrorum
1373 530 1579 627 piincipum
1614 538 1676 630 qai
1702 537 1774 606 sot·
1896 542 1897 586 ³

398 638 535 730 iempni
561 648 683 708 nostre
709 638 808 708 curie
835 637 1048 707 wirceburc
1074 634 1264 726 magnifice
1290 633 1480 704 affuerunt.
1504 635 1703 706 statuimus.
1734 645 1775 704 ut
1896 633 1897 644 ’

376 733 380 742 ’
399 737 667 808 ministeriales
694 737 910 828 Burgeascs.
935 737 1012 806 sius
1028 737 1248 829 quicumque
1272 732 1333 801 alii
1359 733 1525 804 homines
1544 731 1674 828 quouis
1692 735 1775 802 iare

399 836 543 930 pretato
569 836 850 927 archiepiscopo
875 835 1076 905 attinentes.
1103 856 1184 904 cum
1210 833 1308 923 omnj
1336 834 1542 923 integritate
1573 834 1776 904 reddantur

401 935 529 1007 eidem.
555 947 591 1005 et
615 936 704 1024 nauj
731 958 778 1005 ex
803 931 1010 1005 hominibus
1036 934 1114 1023 ejus
1137 936 1232 1003 ultra
1265 935 1303 1000 in
1336 933 1501 1024 predicto
1535 933 1644 1026 opido
1676 935 1777 1003 cotti·

400 1046 540 1132 gantur.
577 1037 752 1107 Volumus
776 1035 885 1104 etiam
911 1033 1224 1104 confederationes
1249 1031 1327 1102 siue
1352 1033 1552 1104 iuramenta
1579 1034 1711 1127 quibus
1737 1055 1777 1104 se

401 1137 565 1206 ciuitates
590 1135 787 1225 Magantia.
819 1134 981 1226 Pinguia.
1015 1133 1223 1202 Wcrmatia.
1253 1133 1388 1222 Spirea
1404 1133 1668 1203 Frankinuort.
1696 1133 1778 1203 Gci·
1795 1143 1800 1150 ’
1895 1109 1897 1144 ³

400 1235 572 1306 iiahusin.
600 1234 834 1304 Fridibercss
824 1257 861 1303 ιιι
887 1230 1121 1351 preiuditium
1146 1232 1300 1301 ecclesie
1312 1229 1629 1322 Maguntrnenars
1619 1232 1778 1303 rnuicem

403 1335 622 1426 obligarunt.
647 1331 803 1423 rescindj
830 1335 974 1426 penitus
1001 1344 1037 1402 et
1062 1331 1268 1401 introitum
1295 1331 1470 1421 reuocari
1521 1331 1627 1429 Quod
1652 1343 1693 1402 ut
1722 1355 1778 1400 ra·
1896 1369 1898 1426 3

401 1447 478 1506 tum
504 1445 541 1503 et
565 1429 778 1504 inuiolabile
803 1435 1032 1504 obscraetur.
1060 1431 1229 1524 paginam
1256 1431 1362 1499 istam
1388 1441 1513 1500 nostro
1538 1433 1658 1523 sigillo
1694 1425 1780 1502 feci·

400 1553 482 1604 mus
508 1531 686 1622 roboras-j.
737 1528 848 1603 Cuius
871 1532 958 1603 t'a'cti
983 1542 1094 1602 testes
1119 1541 1214 1601 sunt.
1267 1528 1512 1601 Theodericus
1521 1533 1778 1602 Treuerensia.
1897 1539 1898 1580 ³

403 1633 582 1702 Henrieus
608 1631 849 1704 Coloniensis.
901 1631 1186 1723 Archiepiscopi.
1237 1631 1465 1719 Hermanaus
1491 1631 1778 1723 Herbipolensis.

402 1730 598 1802 Bertotdua
622 1730 905 1821 Arganttaeneta.
938 1725 1093 1800 sifridus
1118 1730 1363 1828 Augustensis.
1398 1729 1576 1801 Henricus
1600 1731 1780 1801 Eistcten·

404 1831 465 1902 sis.
499 1825 678 1900 Hearicus
702 1825 987 1900 wormatiensis.
1017 1808 1260 1919 Engilhardus
1283 1829 1678 1922 Nuwinburgenais....
1713 1831 1780 1898 Ba·

404 1930 564 2001 sitiensis
590 1928 773 2023 Episcopi.
825 1928 1013 2000 Ganradus
1045 1927 1245 1998 Fulden'sis.
1295 1929 1514 2000 hadewicus
1550 1929 1781 1999 Hersfcldea·

404 2031 464 2100 sia.
515 2028 704 2100 Guaradus
730 2029 932 2100 Laurentis.
989 2028 1146 2096 Abbates
1179 2030 1330 2118 regales.
1391 2028 1502 2116 Laicj.
1564 2028 1780 2099 Ludewicus
1897 2023 1899 2086 Ᾰ

403 2127 584 2222 palatinus
610 2129 739 2199 eomes
771 2129 863 2198 Reni
901 2139 938 2198 et
974 2126 1047 2196 dux
1080 2128 1272 2198 Bauwaric
1307 2127 1523 2222 Ludewicus
1555 2129 1781 2218 lantgrauiue
1898 2139 1899 2144 ’

406 2227 604 2318 Thuringie
637 2238 675 2297 et
705 2227 767 2296 alii
801 2250 909 2318 quam
936 2229 1060 2318 plures
1085 2235 1158 2296 tam
1184 2229 1364 2297 seculares
1397 2249 1504 2320 quarn
1539 2227 1782 2298 ecclesiastice

405 2331 571 2420 persone.
621 2329 710 2396 tcta
735 2336 818 2395 suat
843 2330 910 2398 hec
935 2325 1032 2417 apud
1056 2325 1285 2416 Herbipotim
1308 2337 1403 2396 anno
1429 2325 1608 2396 dominice
1619 2328 1782 2396 lncarna

406 2427 516 2497 tionis
542 2425 608 2495 Μο
634 2429 703 2497 000.
728 2428 841 2497 xxv10.
893 2427 944 2497 r⁰.
971 2426 1047 2494 ttat.
1072 2422 1295 2496 Decembris.
1310 2425 1540 2518 pontificatus
1555 2424 1669 2518 nostrj
1685 2447 1781 2496 anno

360 2523 523 2616 ,nvjo
657 2567 660 2571 .
749 2569 770 2578 ..

469 2751 505 2828 c)
533 2737 699 2858 Sigillum,
725 2737 807 2806 baua
832 2734 1017 2826 expressum
1044 2753 1074 2806 et
1097 2753 1335 2822 conservatum,
1360 2742 1519 2830 appendet
1543 2763 1584 2810 ex
1600 2741 1782 2834 fragmento

533 2860 686 2908 waracco.

438 2991 444 2998 ’
474 2995 505 3083 ὃ)
531 2995 667 3062 indictio
692 2996 810 3061 omissa
836 3005 892 3072 eat,
919 3014 1024 3058 annas
1050 3007 1157 3060 catera
1182 2989 1385 3080 pontificatus
1409 2995 1449 3060 ati
1464 2993 1640 3086 sigfridum
1666 2997 1711 3066 ΙΙ.
1734 3018 1782 3062 ιι·
1898 3041 1900 3048 ,

532 3095 772 3178 ahiepiacopam
802 3095 957 3180 Mcgunt
983 3089 1170 3159 referendus
1208 3095 1361 3161 convenit
1393 3116 1479 3162 anno
1513 3097 1588 3162 Chr.
1621 3095 1781 3170 indictae

533 3191 675 3278 praefuit
700 3189 787 3255 anim
813 3190 852 3254 ab
878 3209 932 3257 sn.
961 3201 1043 3257 1200
1069 3213 1171 3278 usqua
1194 3196 1235 3258 ad
1258 3215 1312 3260 an.
1340 3207 1439 3264 12³0.

484 3353 512 3431 c)
536 3342 669 3410 Eurum
701 3343 738 3406 ia
769 3343 809 3408 dc
834 3341 989 3406 catenas
1016 3344 1091 3409 Cod.
1124 3344 1204 3430 uipt.
1237 3349 1263 3412 t.
1295 3355 1367 3435 493.
1394 3372 1428 3418 n.
1460 3360 1550 3435 18th
1581 3347 1639 3414 ubi
1671 3361 1783 3416 tamen

536 3445 654 3509 omisca
678 3449 757 3508 aaut
782 3441 897 3506 ultima
920 3441 1033 3506 ιιιῐιιι
1070 3443 1274 3528 pontificatue
1300 3460 1358 3514 etc.
1384 3460 1416 3513 at
1439 3449 1539 3532 spatio
1564 3469 1665 3514 vacuo
1686 3450 1785 3515 inter·

537 3541 661 3626 positas
687 3540 860 3607 Heinricas
884 3541 1054 3608 Basilicas.
1079 3545 1177 3631 episc.
1203 3547 1406 3616 Memoratar
1439 3547 1475 3614 in
1502 3547 1637 3615 Jaanaia
1671 3569 1781 3616 ιιιιιιιι

536 3640 687 3732 Moguat
712 3639 783 3708 vot.
807 3641 833 3708 1.
862 3649 934 3729 592.
960 3661 994 3707 tt.
1021 3653 1068 3710 4.-
