3864 4728
530 313 774 500 lliplometa
802 311 909 399 false
939 331 981 400 et
1008 252 1229 452 rescripts⁴
1438 247 1558 428 '389
1612 293 1621 302 ⁸

187 567 277 640 rege
305 507 340 620 et
367 545 533 620 omnibus
554 549 777 668 primstibus
801 549 877 620 cius
903 556 942 618 et
965 566 1047 620 etun
1073 569 1181 622 menn
1206 545 1356 643 proprie
1376 567 1458 620 sues
1479 549 1558 620 red·
1663 539 1667 550 ’

191 650 283 718 didit
304 651 583 720 inundationes
572 675 609 719 ιιι
634 670 761 720 menos
776 649 1022 719 erchumberti
1041 645 1269 743 frisingensis
1292 650 1453 742 episcopi
1470 661 1558 728 truc

190 751 299 818 etiem
330 749 471 819 ebbetis
505 741 810 840 campidonensis.
838 759 875 818 et
908 748 1147 835 sduocetisti
1156 758 1172 833 l
1207 750 1262 820 sui
1289 750 1445 820 milonis.
1497 751 1556 819 Sic

189 858 226 916 et
252 849 363 920 ceteri
388 849 582 939 presbiteri
607 858 644 919 et
668 850 729 918 elii
753 847 901 918 litterati
928 847 1115 920 iecerunt„
1153 851 1300 941 Reliqui
1334 867 1423 918 uero
1454 849 1558 916 utin

157 1001 162 1014 .
188 950 271 1038 lege
297 951 503 1018 continetur
529 971 609 1018 cum
635 949 709 1019 suis
735 947 935 1023 commissis
955 949 1200 1019 reddiderunt.
1232 949 1395 1018 uniuersi
1385 945 1558 1040 'quidem
1688 947 1692 966 '

188 1047 239 1116 ibi
266 1047 504 1120 usdiunerunt
529 1049 566 1118 in
592 1071 718 1118 ιιιιιιιιι
752 1047 980 1118 erchenberti
1014 1049 1175 1144 episcopi
1207 1049 1313 1118 simul
1346 1059 1383 1116 et
1417 1047 1559 1118 ebbstis

189 1148 490 1240 campidonensis.
527 1159 562 1217 et
588 1149 834 1218 sduocstisui
860 1147 1004 1218 milonis
1038 1151 1215 1220 uestitum
1247 1170 1312 1218 sus
1344 1147 1381 1216 in
1416 1145 1475 1215 die
1500 1145 1559 1214 dc-
1616 1228 1620 1237 Ι

151 1269 158 1282 ·
189 1258 318 1339 puteto
344 1251 505 1340 legitime
537 1247 710 1317 ssciends.
769 1249 956 1318 Postremo
990 1250 1125 1342 quippe
1158 1247 1261 1320 iussit
1293 1247 1460 1316 dominus
1493 1267 1560 1316 rex

72 1407 74 1410 .
188 1367 253 1432 eos
279 1349 402 1439 quiin
430 1347 583 1438 pristino
610 1348 743 1438 plscito
770 1344 846 1418 eius
872 1347 1037 1418 fidelibus
1070 1347 1239 1440 uidelicet
1273 1345 1396 1415 ubbeti
1421 1355 1458 1415 et
1482 1365 1559 1414 mo·

188 1447 314 1516 mechis
340 1447 679 1541 compidoncnsibus
704 1446 859 1516 maxime
885 1448 1182 1538 impedimentum
1216 1455 1251 1517 et
1284 1447 1452 1515 iniurium
1479 1467 1560 1514 con·

189 1547 406 1617 eitsuerunt.
439 1557 477 1616 ut
505 1569 524 1616 s
553 1547 793 1640 reginesburg
817 1568 932 1638 usque
957 1548 1004 1616 sd
1029 1548 1185 1618 eundem
1209 1549 1329 1616 locum
1355 1545 1478 1636 placiti
1504 1547 1559 1613 ui·

189 1647 321 1716 delicet
357 1657 559 1738 regenunto
592 1647 777 1738 pedestres
809 1649 992 1718 uenirent.
1036 1657 1073 1716 ct
1102 1641 1350 1739 uotisquisque
1382 1644 1561 1717 leioorum

186 1743 375 1837 proprium
407 1749 530 1819 sellem
565 1747 639 1818 suis
669 1747 826 1839 scapulis
858 1757 1032 1840 perteret.
1073 1744 1299 1838 Presbyteris
1330 1753 1439 1836 etque
1481 1741 1560 1811 eliis

185 1846 355 1918 litteratis
381 1847 443 1939 qui
469 1846 570 1919 noxii
602 1842 656 1924 in
673 1850 754 1929 bec
772 1847 1044 1940 presumptione
1076 1845 1214 1916 seducti
1247 1852 1333 1916 sunt
1364 1846 1560 1912 clementer

186 1945 426 2018 indulsit-
475 1946 537 2016 leti
562 1955 646 2019 suut
670 1948 732 2042 qui
757 1958 840 2039 post
865 1955 1129 2018 recrementum
1154 1949 1225 2018 boc
1260 1941 1438 2016 testificati
1464 1951 1560 2014 suut.

181 2047 380 2116 Adelbern.
418 2044 596 2116 Adelbret.
641 2049 765 2119 Immo
808 2045 938 2116 Gento.
977 2047 1164 2135 Peringcr.
1206 2043 1389 2132 Rsntwig.
1428 2041 1560 2131 Regin·

183 2145 278 2218 bolt.
296 2145 482 2238 'l'rusingc
507 2147 736 2238 'l’egepreht
776 2145 938 2218 tttsstott
975 2144 1204 2214 lrrninbrebt.
1243 2143 1458 2232 Willebelm.
1494 2137 1560 2206 hil·

184 2255 294 2316 trem.
330 2246 533 2320 Οοιιιιιιιιι.
574 2246 772 2336 Reginber.
812 2244 986 2326 Nordolo.
1019 2246 1242 2322 terestrem
1274 2241 1560 2315 &interstruit

185 2345 324 2417 demur.
363 2347 527 2417 tlreotolt.
566 2347 751 2416 thrudher.
790 2345 963 2416 nsndker.

285 2444 349 2519 Isti
374 2455 459 2520 eunt
484 2441 635 2538 scabini.
670 2445 876 2538 Reginbolt.
916 2442 1098 2546 Reginoll.
1138 2446 1255 2538 Agilo.
1279 2421 1432 2514 bunolf
1473 2443 1560 2510 Ars·

184 2565 268 2638 goz.
309 2545 480 2634 Stephon.
513 2546 705 2635 Reginber.
739 2547 980 2637 theotprehet.
1022 2550 1188 2617 woluolt.
1232 2545 1425 2634 hunprebt.
1463 2540 1559 2610 elbe-

182 2647 276 2714 rihc
312 2639 519 2714 willehelsn.
566 2647 758 2735 Megbelm.
800 2645 966 2737 Selplter.
1009 2646 1186 2714 Snelriolt.
1245 2651 1375 2712 Actum
1408 2649 1463 2709 eet
1497 2659 1559 2707 eu·

182 2755 260 2815 tem
285 2746 357 2813 hoc
377 2744 550 2834 plscitum
575 2743 671 2834 opud
700 2755 908 2834 :regemunto
940 2761 1065 2814 corum
1097 2743 1230 2820 domno
1265 2738 1507 2812 hludowico
1488 2757 1560 2822 ,rm-

181 2853 353 2936 peratore
379 2841 604 2933 piissimoeet
629 2840 871 2915 serenissimo.
911 2853 947 2914 et
973 2843 1187 2933 primetibus
1209 2839 1296 2910 suis.
1328 2835 1558 2928 presentibus

182 2943 322 3014 eisdem
347 2943 503 3011 testibus
524 2948 560 3012 et
586 2942 990 3033 seebinispresoriptis.
1032 2963 1114 3012 cum
1140 2941 1266 3031 lringo
1296 2940 1406 3008 misso
1425 2947 1477 3004 ·ct
1502 2957 1556 3003 er·

179 3040 399 3114 ‘cherebertm
441 3041 651 3131 frisingensi
683 3043 854 3134 episcopo
895 3053 931 3112 et
971 3040 1078 3114 simul
1119 3041 1250 3120 ebbutc
1287 3035 1558 3128 campidonensi

183 3155 293 3234 etque
318 3143 454 3210 Milone
481 3141 655 3213 eduoceto
684 3141 813 3212 domus
839 3142 1128 3234 campidonensis
1152 3151 1197 3220 et,
1216 3141 1406 3224 innumere
1438 3135 1557 3204 multi·

33 3235 35 3244 ’
181 3242 310 3312 tudine
333 3240 468 3310 diuersi
492 3242 628 3333 populi,
679 3244 803 3314 Mense
828 3243 975 3336 quidem
1001 3234 1131 3310 mettio
1157 3242 1199 3313 V.
1224 3235 1273 3308 id.
1301 3237 1459 3307 Martios.
1509 3235 1556 3303 Et
1664 3311 1667 3319 ¹

181 3364 251 3414 nos
278 3337 369 3409 benc
393 3341 572 3409 sotionem
599 3343 887 3458 recognopimus.
928 3351 965 3410 et
989 3338 1171 3412 subscribi
1194 3339 1374 3410 iussimus.
1416 3346 1557 3406 etcum

182 3442 309 3552 sigillo
331 3451 471 3548 nostro
483 3441 608 3548 subter
632 3441 768 3532 signori
786 3443 1035 3532 precepimus.
1157 3469 1162 3480 ·

209 3625 391 3740 Signum
436 3622 580 3714 domni
623 3623 793 3711 Ottonis
833 3593 1097 3710 inuictiseimi
1138 3595 1524 3767 (Monogrumma)

531 3759 885 3906 imperatoris
921 3759 1205 3876 Augusti

1139 3912 1470 4088 L.S
