3848 4738
230 293 238 302 .
395 319 481 406 540
912 253 915 258 Ι
960 305 1211 428 Autlrentica
1275 266 1280 278 ⁹

396 515 530 618 tatibus
556 552 591 615 et
617 539 820 615 diocesibus
845 545 1011 616 obtinent
1034 499 1103 615 hac
1129 547 1206 614 vioe
1233 544 1419 615 dumtaxat
1454 545 1648 639 inponendi
1674 557 1708 618 et
1728 547 1769 617 ab

396 649 532 719 eisdem
559 646 829 736 archiepiscopo
854 648 1043 737 Episcopis
1070 658 1106 716 st
1131 649 1228 716 clero
1255 646 1454 716 subsidium
1481 649 1684 716 huiusmodi
1719 671 1770 738 pe·

274 750 279 760 '
396 747 494 818 tendi
532 745 677 814 leuandi
702 756 740 814 et
765 746 933 834 exigendi
959 747 1105 816 Necnon
1125 747 1528 838 ¹huiusmodisubsidy
1556 747 1770 818 florenorum
1818 806 1819 812 ,
1893 783 1894 790 1

389 841 632 940 ‘quantitatem
659 847 927 946 interclericas
953 857 990 914 et
1022 839 1281 916 ecclesiasticas
1307 859 1574 937 personantem
1601 849 1772 916 seculares

397 961 507 1040 quam
531 948 718 1036 regulares
745 947 930 1038 exemptas
957 957 992 1014 et
1018 969 1089 1016 non
1116 958 1299 1037 exemptas
1325 948 1514 1038 utriusque
1541 968 1648 1020 sexus
1674 948 1772 1014 etiam

398 1048 632 1138 hospitalium
658 1047 772 1114 sancti
798 1043 964 1132 iohannis
999 1056 1034 1114 et
1066 1048 1172 1114 beate
1197 1047 1311 1114 Maris
1347 1047 1637 1116 theotonicorum
1672 1047 1773 1112 dicta·
1893 1123 1894 1126 Ἴ

356 1177 359 1190 ·
397 1169 478 1215 rum
505 1143 691 1238 prouincie
718 1146 911 1214 ciuitatum
939 1155 974 1215 et
999 1143 1195 1216 diocesium
1214 1149 1323 1214 ,iuxta
1349 1155 1409 1214 tus
1431 1147 1659 1215 discretionis
1684 1147 1774 1212 arbi·
1892 1141 1894 1160 ²

364 1239 366 1246 ’
396 1249 508 1338 trium
534 1256 717 1335 assumpto
740 1267 811 1314 vna
834 1255 951 1315 tecum
978 1245 1084 1314 adid
1110 1247 1274 1338 quolibet
1300 1241 1486 1315 ordinario
1504 1246 1682 1339 dictarum
1707 1245 1775 1314 dio·

397 1348 532 1418 ossium
559 1349 620 1416 uel
646 1346 838 1438 illaquam
863 1345 941 1436 ipae
968 1345 1112 1415 duxerit
1137 1345 1380 1437 deputandum
1407 1342 1439 1415 si
1465 1347 1644 1415 interesse
1669 1345 1775 1414 voluit

257 1508 290 1530 ¹,
398 1448 520 1540 aliqua
546 1457 665 1538 parte,
685 1444 917 1540 consideratis
950 1445 1181 1516 facultatibus
1216 1447 1449 1516 ecclesiarum
1476 1448 1776 1516 Monasteriorum

398 1562 436 1618 st
462 1547 616 1616 aliorum
642 1547 787 1639 piorum
813 1548 975 1616 locorum
1001 1569 1046 1615 ao
1067 1567 1305 1636 personarum
1339 1547 1376 1613 in
1410 1548 1561 1636 singulis
1593 1545 1776 1636 prouincia

278 1671 279 1676 ¹
397 1645 614 1717 Ciuitatibus
640 1657 676 1714 et
702 1643 906 1715 diocesibas
932 1647 1103 1736 predictis
1129 1657 1241 1736 prout
1274 1646 1470 1714 secundum
1506 1647 1615 1716 deum
1651 1642 1775 1713 videris
1893 1665 1894 1674 ¹

160 1740 164 1752 “
274 1769 279 1780 ·
396 1743 600 1815 faciendum
627 1744 809 1813 diuidendi
836 1765 877 1812 ac
902 1767 965 1814 eos
1002 1745 1048 1813 ad
1081 1747 1301 1814 solucionem
1337 1746 1543 1814 huiusmodi
1582 1745 1775 1814 faciendam
1893 1739 1894 1744 ’

396 1844 465 1914 tibi
490 1846 636 1914 nomina
664 1845 814 1913 Camere
841 1844 1001 1936 predicte
1034 1845 1219 1936 recipienti
1262 1847 1299 1912 in
1331 1847 1486 1930 termino
1503 1842 1585 1916 'seu
1620 1845 1776 1914 terminia

397 1965 489 2037 quos
516 1943 655 2012 adhoc
679 1939 863 2012 faciendos
890 1966 955 2013 seu
980 1944 1189 2012 statuendos
1216 1943 1362 2036 duxeris
1388 1943 1540 2036 rogandi
1566 1965 1639 2035 pro
1679 1957 1774 2035 parte
1892 1999 1894 2038 ἵ

394 2043 520 2112 noa'tra
548 2052 585 2112 st
609 2043 820 2112 exlrortandi
848 2053 885 2113 ct
917 2045 1024 2112 etiam
1059 2043 1268 2135 requirendi
1304 2067 1345 2113 ac
1378 2045 1540 2138 quitandi
1579 2047 1774 2126 soluentes,
1893 2065 1894 2074 ¹

264 2203 298 2226 ‚.
395 2145 522 2236 damus
566 2143 766 2233 plenariam
801 2153 937 2214 -tenore
979 2145 1202 2236 presentium
1223 2143 1459 2218 ,facultatem
1504 2145 1629 2212 datam
1666 2145 1775 2214 Rome

394 2245 490 2335 apud
515 2255 675 2313 sanctam
702 2243 851 2313 mariam
878 2241 1149 2315 transtiberim
1175 2243 1211 2332 vj
1240 2243 1321 2332 jdus
1346 2245 1521 2312 februarii
1549 2243 1775 2312 Pontificatus

393 2344 510 2414 nostri
521 2348 626 2412 Anno
644 2344 832 2433 primn-
852 2340 1038 2414 Urbanus
1049 2340 1268 2437 Episcopus
1292 2367 1419 2417 servae
1436 2365 1629 2413 seruorum
1650 2345 1706 2412 dei
1731 2343 1776 2410 di-

369 2445 490 2512 ·lecto
518 2439 1011 2522 lilicHeinricoEcltcrletir
1037 2453 1104 2532 sto.
1128 2442 1319 2534 (Sequitur
1344 2445 1475 2514 iterum
1501 2441 1776 2513 instrumentum

394 2542 669 2634 praemissum„
691 2543 750 2611 cui
776 2541 902 2612 deinde
928 2544 1131 2621 annectitur
1164 2554 1282 2610 tentus
1315 2545 1573 2636 subsequente)
1606 2544 1713 2638 Quod
1748 2543 1775 2610 si

326 2645 329 2653 ’
397 2641 647 2734 forsanquod
680 2642 773 2710 absit
806 2643 1016 2732 huiusmodi
1047 2644 1286 2728 exhortationi
1322 2656 1357 2713 at
1390 2645 1569 2734 rogationi
1605 2644 1693 2712 dicti
1718 2647 1775 2710 Ar·

398 2739 652 2834 chiepiscopus
670 2741 839 2834 Episcopi
864 2753 901 2812 et
927 2743 1047 2812 clerici
1073 2765 1114 2812 ac
1140 2746 1380 2813 ecclesiastice
1406 2765 1561 2834 persone
1587 2754 1625 2812 et
1654 2743 1776 2812 iratres

274 2931 276 2940 y
392 2842 629 2934 hospitalium
664 2841 927 2932 predictorum
946 2839 1129 2936 tamquam
1170 2846 1302 2935 ingrati
1339 2866 1412 2913 non
1446 2844 1682 2917 obediuerint
1714 2861 1775 2910 nec

395 2941 663 3036 acquiscerint‚
708 2945 776 3012 tibi
810 2945 1095 3016 contradictores
1138 2946 1362 3042 etfrebellea
1407 2945 1620 3013 auctoritate
1660 2954 1775 3012 nostra
1813 2937 1815 2944 ’

397 3053 434 3110 et
459 3063 526 3133 par
551 3061 740 3111 censuram
774 3041 1051 3113 aeclesiasticam
1086 3045 1192 3116 etiam
1228 3065 1293 3133 per
1325 3045 1651 3136 sequestrationem
1686 3044 1776 3112 fruc·

396 3152 499 3208 tuum
526 3141 733 3209 reddituum
750 3153 786 3210 et
813 3155 1055 3234 prouentuum
1080 3143 1340 3213 beneficiorum
1367 3146 1776 3234 ecclesiasticorumque

398 3235 564 3308 obtinent
588 3242 835 3334 appallaoione
859 3244 1059 3335 postposita
1091 3245 1316 3334 conpellendi
1355 3263 1397 3312 ao
1431 3245 1606 3314 auxilium
1643 3245 1777 3332 bracby

398 3340 571 3412 secularia
598 3341 786 3410 invocandi
814 3341 939 3412 damus
964 3336 1119 3412 similem
1152 3353 1278 3414 tenore
1312 3344 1539 3434 presencium
1574 3344 1776 3413 facultatem

395 3437 478 3506 Non
505 3439 731 3510 obstantibus
750 3443 972 3533 quibuslibet
998 3444 1237 3534 exemptionis
1262 3445 1462 3536 priuilsgys
1479 3454 1514 3514 et
1538 3445 1671 3514 littaris
1696 3462 1776 3532 apo·

386 3539 530 3632 'stolicis
556 3537 832 3634 quibuscunque
859 3543 1097 3634 dignitatibus
1124 3563 1188 3612 seu
1213 3544 1399 3613 ordinibus
1437 3555 1474 3614 et
1507 3541 1673 3634 ipsorum
1708 3543 1778 3610 vni·

395 3638 628 3710 versitatibus
653 3642 873 3732 generaliter
898 3646 957 3713 uel
985 3643 1189 3735 specialiter
1220 3645 1288 3714 sub
1322 3665 1534 3737 quesumus
1548 3697 1552 3702 .
1568 3645 1686 3714 forma
1719 3643 1775 3710 uel

398 3741 633 3830 conceptione
660 3743 876 3830 uerborum,
910 3751 1158 3813 ememorata
1181 3743 1267 3814 sede
1293 3745 1473 3816 concessis
1507 3765 1572 3836 per
1598 3765 1669 3836 que
1703 3761 1776 3834 pre·

398 3839 563 3910 sentibus
589 3863 663 3912 uon
687 3863 857 3934 expressa
883 3846 943 3912 uel
968 3845 1128 3914 totaliter
1152 3865 1224 3912 non
1250 3845 1386 3937 inserta
1407 3845 1555 3916 affectus
1579 3863 1704 3913 earum
1726 3843 1776 3910 in·
1847 3865 1853 3872 ·

396 3935 514 4026 pediri
540 3941 676 4027 valeat,
702 3942 975 4034 quomodolibet
999 3945 1061 4012 uel
1087 3942 1222 4013 differri
1257 3955 1294 4013 at
1319 3945 1366 4013 de
1397 3942 1528 4037 quibus
1555 3959 1777 4033 quorumque

396 4035 484 4106 totis
511 4040 770 4130 tenoribusde
795 4041 911 4112 uerbo
936 4042 983 4112 ad
1007 4044 1161 4115 uerbum
1186 4045 1224 4112 in
1250 4044 1384 4116 nostris
1413 4044 1546 4114 litteris
1568 4043 1709 4112 mencio
1734 4039 1777 4108 sit
