3804 4718
696 313 987 456 Anthenticev
1430 331 1507 416 131

129 551 223 628 cisio
251 561 307 628 est
330 552 530 626 commisse.
581 551 732 624 Arbitrii
758 561 879 623 eutem
903 547 1024 626 formu
1048 549 1205 627 telieest.
1222 555 1320 648 quod
1335 559 1509 652 oppidum

17 737 21 746 .
129 657 427 726 Heilecbrunnen
454 665 492 724 et
516 653 638 724 silium
663 653 885 746 Bochingen.
912 677 994 725 cum
1021 655 1188 726 omnibus
1213 649 1317 726 bonis
1342 669 1414 730 tem
1448 663 1508 732 sb·

129 757 261 826 solutis
287 779 394 848 quem
421 754 623 824 infeodatis.
650 763 685 823 et
710 755 809 823 omni
834 753 924 843 jure.
952 751 1003 824 ite
1028 756 1126 850 quod
1152 751 1324 826 infeodati
1357 760 1401 829 ed
1439 784 1506 835 nos

39 929 46 940 ,
128 865 341 950 respectum
365 856 521 925 hebeent
546 853 591 922 de
611 853 685 922 suis
700 853 884 924 beneficiis
901 855 1137 948 requirendis.
1188 857 1403 929 Aduocetier
1418 883 1507 954 quo·

127 953 204 1048 'cpue
232 956 275 1024 de
302 957 435 1048 Stephe
459 965 495 1024 et
520 953 781 1026 Sickerehusen
806 976 878 1023 unc
904 978 985 1024 cum
1012 954 1419 1046 uitleiivonegeshouen
1434 983 1505 1054 que

128 1055 316 1127 infeodute
342 1065 406 1125 est.
434 1055 479 1124 ub
504 1053 585 1145 ipse
609 1054 760 1124 ecclesis
785 1053 823 1124 in
851 1053 957 1124 feodo
984 1063 1180 1125 teneemus.
1239 1057 1412 1152 Preteres
1445 1061 1506 1130 ed·

127 1158 309 1226 vocstiem
334 1155 371 1223 in
395 1155 666 1224 Frichenhueen
692 1175 899 1225 eoncessum
924 1155 1030 1225 nubis
1057 1157 1322 1246 cognoscimus.
1349 1157 1416 1228 sub
1441 1181 1507 1252 spe

128 1255 249 1349 gretie
275 1254 450 1348 specinlie.
500 1255 656 1348 Reliqua
680 1265 801 1323 eutem
825 1254 921 1323 bonu
947 1277 1012 1324 seu
1038 1255 1202 1326 absolute
1237 1278 1302 1326 eeu
1334 1255 1507 1329 inbenefi-

128 1357 225 1425 ciutu
258 1377 474 1448 quecunque
507 1355 584 1424 site.
620 1377 691 1446 que
725 1351 843 1422 eidem
877 1353 1089 1424 dicebantur
1115 1351 1221 1425 feodo
1247 1356 1400 1427 attinere
1426 1360 1506 1430 sine

127 1457 232 1528 omni
256 1453 513 1545 inpedimento.
540 1464 577 1522 et
602 1464 726 1524 noetrs
753 1474 795 1522 ue
820 1452 980 1522 omnium
1008 1474 1256 1524 successorum
1291 1466 1506 1529 nostrorum

127 1567 168 1626 et
194 1580 216 1624 u
242 1556 348 1624 nobis
374 1553 668 1624 descendentium
693 1553 926 1644 inpeticione.
952 1555 1106 1623 ecclesie
1121 1555 1258 1625 cunctis
1276 1555 1506 1647 postmodum

127 1655 211 1726 euie
238 1655 355 1724 iibere
380 1654 591 1746 possidebit.
616 1654 747 1744 quibue
772 1655 950 1722 sniuersis
976 1677 1039 1724 eeu
1067 1655 1242 1725 absolutis
1268 1678 1333 1724 eeu
1359 1656 1507 1728 inbene-

125 1755 260 1826 ficietis
286 1775 407 1825 corum
433 1752 647 1844 subscriptis
674 1750 826 1822 testibus
852 1775 918 1842 pro
946 1756 1050 1822 nobis
1076 1764 1112 1824 et
1132 1763 1233 1845 petre
1249 1763 1373 1827 nostro
1389 1758 1507 1830 libere

126 1855 419 1926 renuntiuvimus
445 1863 481 1923 et
504 1849 658 1946 precise.
684 1855 817 1922 bultem
841 1853 1000 1922 habituri
1026 1854 1065 1922 in
1090 1854 1167 1945 ipen
1185 1856 1259 1923 ullo
1276 1877 1446 1949 umquem
1468 1855 1506 1928 in

125 1965 318 2048 posterum
342 1965 507 2046 tempore
534 1953 728 2022 necionem.
778 1956 930 2045 Insuper
954 1954 999 2022 sd
1026 1964 1161 2023 certem
1187 1955 1323 2024 fauoris
1339 1965 1375 2025 et
1389 1957 1506 2045 gretie

127 2055 362 2129 euidentiem.
388 2078 459 2146 que
485 2055 662 2144 prefatum
689 2053 878 2122 ecclesium
906 2055 1164 2145 amplexemur.
1183 2054 1374 2124 violentius
1391 2057 1506 2148 sique
1570 2123 1580 2132 ,

1 2207 2 2256 t
126 2155 176 2225 de
201 2154 336 2224 nostrie
361 2155 478 2224 eidem
504 2154 711 2223 ciuitatibus
728 2151 944 2248 inferuntur.
969 2153 1191 2244 precipimus
1206 2163 1241 2222 et
1257 2155 1506 2229 ordinabimus

127 2251 324 2347 amputari.
374 2257 422 2324 Vt
447 2265 566 2324 eutem
592 2251 678 2322 fecti
705 2252 810 2322 huius
836 2275 856 2321 e
883 2253 989 2322 nobis
1014 2263 1050 2322 et
1075 2255 1226 2322 ecclesie
1258 2255 1504 2345 herbipolensi

127 2355 334 2447 npprobutu
359 2351 544 2423 stabilitos.
569 2363 747 2443 perpetuo
774 2363 915 2420 meneet
937 2352 1157 2423 inconuulsa.
1184 2363 1388 2444 presentem
1403 2357 1506 2446 pegi·

127 2478 216 2525 nem
241 2463 378 2524 nostro.
430 2453 660 2524 coloniensis
687 2449 968 2542 Archiepiscopi.
1019 2454 1352 2548 Nuwenburgensie
1371 2450 1506 2546 episco-

128 2555 182 2650 pi.
209 2577 252 2626 ec
276 2555 441 2624 oliorum.
467 2576 537 2646 que
563 2574 720 2643 eppeneu
746 2562 838 2622 sunt.
868 2553 996 2644 sigiliis
1021 2553 1172 2623 fecimus
1198 2555 1423 2625 communiri.

232 2657 358 2724 'I'estee
381 2654 488 2722 huius
513 2654 567 2720 rei
593 2663 695 2736 sunt,
715 2652 948 2747 Engitbertus
962 2655 1177 2722 cotoniensis
1193 2651 1505 2745 Archiepieeopus.

128 2753 373 2844 Engilburdue
399 2753 736 2840 Nuwenburgensis
762 2753 966 2843 episcopus.
1018 2751 1127 2820 Leiei.
1179 2751 1265 2819 Otto
1291 2752 1365 2820 dux
1386 2756 1504 2823 Meru-

130 2855 202 2924 nie·
254 2855 382 2946 Boppo
408 2873 528 2922 comes
555 2851 599 2920 de
625 2851 877 2940 Hennenberg.
937 2847 1137 2940 Diepotdus
1161 2849 1323 2917 Merchio
1360 2851 1405 2919 de
1432 2851 1503 2922 Ho-

8 2939 14 2948 ’
128 2953 310 3045 honburg.
361 2952 568 3021 Gerherdus
594 2971 714 3020 comes
740 2950 784 3021 de
811 2949 939 3017 dieths.
992 2947 1204 3019 cuonradus
1235 2969 1356 3018 comes
1389 2952 1502 3022 eolre.

128 3053 333 3123 Fridericus
359 3051 403 3122 de
428 3050 727 3139 truchendingen.
779 3049 957 3117 Henricus
985 3047 1030 3118 de
1056 3048 1286 3118 Gruonbech.
1336 3051 1501 3140 Mangol·

129 3155 198 3225 dus
225 3153 270 3222 de
297 3154 463 3242 wilperg.
513 3151 703 3220 Heinricue
728 3149 774 3220 de
802 3138 1010 3238 Sternberg'.
1063 3147 1274 3219 Cuonredus
1298 3147 1344 3219 de
1368 3153 1506 3226 hohem

126 3257 228 3324 loch.
277 3249 543 3322 Ministeriulee.
593 3251 760 3340 Votrieus
787 3251 831 3318 de
858 3251 1105 3340 Mincenberg.
1156 3249 1387 3320 Eberhardus
1409 3247 1506 3341 depi-

130 3354 186 3424 ser
220 3352 265 3421 de
297 3353 476 3440 wstburg.
529 3350 785 3420 Hiltebrundue
809 3351 1028 3420 Merscelcue
1062 3350 1106 3419 de
1132 3349 1335 3440 Recbperg.
1386 3351 1505 3420 Gnou-

131 3453 241 3525 rsdus
268 3451 441 3542 pincerne
466 3447 510 3520 de
536 3449 795 3542 Clingenburg.
848 3449 1060 3520 cuonradus
1087 3449 1386 3518 deWinteretete.
1424 3449 1504 3520 Fri·

131 3553 276 3626 derieus
302 3551 528 3621 Camerarius
553 3550 596 3620 de
623 3551 844 3642 Bigenburg.
896 3549 1029 3620 Dietho
1055 3549 1100 3618 de
1126 3550 1377 3640 Rebencpurg.
1421 3551 1507 3620 Die·

129 3655 245 3725 tricus
273 3649 316 3721 de
352 3649 575 3743 hohenberg.
628 3651 848 3718 Merseeteus
874 3649 1064 3719 Heinricus
1096 3648 1141 3719 de
1167 3651 1274 3718 Lure.
1324 3645 1503 3720 Volkerus

129 3753 272 3846 dapifer
297 3752 341 3822 de
368 3754 550 3843 Sulzperg.
605 3748 796 3820 Heinricue
822 3749 996 3842 Megisten·
1028 3749 1195 3842 coquine.
1230 3758 1267 3818 et
1299 3748 1361 3817 ulii
1394 3769 1502 3842 quem

125 3857 266 3926 ‚lurco

129 3879 154 3950 P
227 3954 358 4021 Actum
383 3973 479 4020 enno
505 3948 641 4019 domiui
667 3951 732 4018 ΜΟ.
750 3949 816 4018 GC.
838 3946 954 4020 XXV.
986 3946 1186 4018 indictione
1211 3947 1304 4015 XIII.
1345 3947 1401 4016 vt.
1421 3947 1500 4016 Hel.

130 4051 299 4147 Augusti.
1272 4139 1290 4180 *
