3746 4720
482 329 728 451 Diplernata
756 325 864 420 iaisa'
893 344 937 418 et
963 327 1182 448 rescripta.
1435 327 1520 430 337
1654 372 1666 390 ,

147 585 203 644 tae
228 569 364 644 mariae
390 567 489 664 qued
521 567 911 660 diciter'campidena.
950 578 987 639 et
1017 567 1115 638 int'cr
1145 561 1323 669 populum
1356 570 1517 666 albigau-
1667 571 1671 579 '

147 694 306 766 gessem.
347 672 674 765 hiiargangenssm.
716 678 752 740 si
788 689 1134 762 augnsgsugensem.
1182 679 1219 739 et
1254 669 1351 739 inter
1390 693 1517 744 omnes

147 776 430 866 circumquaque
470 793 585 864 prope
617 771 733 862 ipsam
765 773 948 840 marcham
981 771 1130 861 positos.
1164 767 1209 839 ad
1243 769 1431 842 orientem.
1473 775 1518 843 ad

144 873 347 944 meridiem.
387 872 432 941 ad
456 871 694 942 occidentem.
737 879 773 938 et
799 870 844 938 ad
869 867 1167 967 septentrionem.
1213 871 1448 942 Notissimnm
1465 883 1520 944 est

144 974 242 1042 enirn
268 993 313 1040 ex
337 972 559 1042 testamentis
592 992 686 1064 qnae
719 969 946 1040 tradiderunt
979 981 1226 1043 antecessores
1245 975 1386 1044 nestri.
1421 973 1520 1045 uidc-

70 1088 75 1096 “
143 1075 233 1143 licet
258 1072 497 1142 hindessuicus
522 1073 606 1164 pius
628 1079 666 1140 et
690 1070 940 1140 serenissimus
966 1071 1174 1162 imperator.
1210 1079 1248 1142 et
1263 1072 1422 1142 arnolfus
1438 1095 1517 1144 rex.

143 1183 179 1242 et
203 1173 322 1243 bonne
349 1172 544 1242 memorien
570 1171 715 1262 genitor
740 1180 865 1241 nester
891 1171 978 1241 Otto
1001 1172 1203 1264 imperator
1227 1183 1264 1242 et
1280 1193 1346 1244 nos
1366 1176 1435 1243 hae
1457 1195 1520 1246 ne·
1619 1213 1628 1226 =

2 1277 3 1280 ’
143 1284 217 1342 stra
255 1273 490 1344 testificamur
524 1271 750 1341 anctoritate.
796 1271 954 1363 qualiter
986 1274 1088 1364 iring
1119 1273 1247 1342 missus
1280 1272 1404 1342 domni
1444 1274 1519 1346 ism

144 1373 232 1442 dieti
258 1371 490 1442 etevdounici
515 1371 735 1441 serenissimi
762 1371 860 1461 regis
885 1371 1050 1441 residens
1075 1392 1157 1442 enm
1179 1374 1333 1442 habene.
1359 1383 1398 1442 et
1414 1377 1521 1466 perii·
1618 1407 1621 1412 ¹

141 1471 248 1542 toido
286 1471 489 1541 renisibus.
528 1481 565 1540 et
598 1489 680 1539 cuns
711 1491 845 1560 magna
877 1472 1108 1543 multitudine
1142 1473 1444 1564 hiis‘rgaugensis.
1484 1475 1520 1543 et

143 1571 466 1664 sugusgsngensis.
502 1580 539 1640 et
562 1571 829 1670 albigaegensis
862 1571 999 1664 popuii.
1036 1568 1125 1640 fecit
1156 1563 1278 1644 inrnrs
1309 1575 1447 1664 primos
1483 1583 1521 1646 et

143 1671 307 1742 seniores
332 1673 378 1743 de
403 1670 502 1740 omni
535 1671 661 1762 popuii
695 1691 805 1762 snper
837 1663 1042 1746 sanctorum
1074 1669 1258 1764 reliquias.
1295 1674 1392 1766 quod
1419 1675 1520 1767 quic·

141 1771 234 1864 qnid
260 1769 304 1840 de
329 1771 409 1862 ipsa
434 1774 579 1840 mercha
604 1793 677 1863 que
703 1782 758 1840 est
782 1771 880 1840 inter
912 1773 1172 1844 monesterium
1205 1782 1348 1843 sanctae
1382 1773 1521 1844 Marias

141 1871 245 1964 qnod
271 1871 404 1942 dicitnr
429 1871 653 1962 campidona.
687 1871 751 1938 ubi
778 1881 863 1940 tunc
895 1872 1071 1963 temperis
1095 1873 1368 1942 erchanbertus
1403 1873 1521 1943 frisin-

139 1968 264 2062 gensis
289 1973 480 2062 episcopus
507 1989 653 2063 preesse
678 1971 873 2040 uidebatur
898 1982 935 2041 et
960 1975 1058 2042 inter
1083 1993 1208 2044 omnes
1235 1973 1517 2065 circumquaqris

140 2072 284 2162 positos
310 2071 509 2140 certissime
535 2081 574 2141 et
597 2070 957 2142 uerissimescirant.
995 2071 1035 2140 id
1059 2071 1349 2142 sine·meudecio
1384 2081 1427 2162 et,
1445 2075 1520 2143 nna

141 2171 373 2240 dubitatione
398 2179 627 2240 testarentur.
678 2168 734 2238 iiii
761 2171 905 2262 quidem
932 2181 1015 2264 pest
1040 2171 1158 2238 datam
1190 2168 1310 2240 fidem.
1349 2181 1385 2240 et
1412 2170 1532 2240 inter·¹

141 2263 340 2362 rogatione
362 2267 459 2340 iactu
486 2269 655 2338 dixerunt
680 2288 720 2340 ss
751 2271 939 2339 ueraciter
965 2271 1060 2340 scire
1084 2271 1141 2338 ita
1172 2269 1395 2356 interfinium
1424 2291 1519 2341 esse.

141 2381 181 2440 et
206 2373 391 2439 mercham
419 2369 735 2462 campidonensem
768 2367 864 2440 inire
897 2375 970 2442 hoe·
997 2371 1172 2440 terminos
1205 2361 1412 2440 consistere.
1464 2371 1519 2442 rii>

143 2471 398 2540 somniarunt.
432 2491 548 2562 usque
572 2468 618 2538 sd
638 2471 944 2562 rosgginsiiescis.
980 2471 1109 2542 deinde
1129 2471 1518 2565 simeheliindinwege.

141 2571 186 2640 de
212 2570 299 2638 iude
321 2572 362 2638 in
387 2569 685 2640 isinmarwaezir.
727 2569 772 2638 de
796 2571 880 2638 inde
907 2572 943 2640 in
978 2564 1098 2644 riuum
1130 2571 1194 2662 qui
1218 2579 1374 2640 nocetur
1398 2577 1517 2643 sacha.

143 2670 188 2739 de
218 2669 301 2740 inde
327 2671 543 2739 in-istirahe
568 2670 633 2736 nbi
658 2673 695 2736 in
721 2669 1009 2738 hilersm-usdit.
1049 2669 1204 2737 deiude
1221 2669 1518 2739 indirectnmsu-

5 2827 11 2834 .
141 2789 215 2861 per
253 2766 497 2838 besbinrcin.·
527 2768 657 2836 deinde
693 2767 733 2835 in
772 2768 1033 2838 sedinbruussin
1074 2763 1174 2835 iuxta
1197 2758 1520 2838 nzeliettiswendi

145 2867 343 2940 deindein
361 2870 506 2938 iontem
533 2865 724 2935 sinsheim.
762 2866 901 2935 deinde·
918 2867 957 2935 in
976 2863 1338 2955 mindiiunursprinc.
1366 2865 1410 2935 de
1433 2866 1518 2937 inde

143 2969 182 3038 in
211 2969 249 3037 di
274 2971 454 3039 nasute:
494 2963 625 3035 deinde
652 2965 689 3033 in
715 2964 751 3035 di
778 2966 975 3056 geitinehs.
1011 2985 1156 3034 sursum
1180 2965 1313 3035 deinde
1346 2965 1518 3036 in'retc·
1596 2957 1607 2968 ’

141 3071 228 3138 dam
254 3069 316 3136 ubi
344 3069 443 3141 uadit
466 3067 504 3134 in
530 3066 696 3135 hilaram.
754 3063 853 3134 inira
884 3069 953 3136 hos
981 3065 1160 3134 termines
1192 3065 1408 3136 iurauerunt
1440 3083 1519 3159 pre·

142 3166 235 3236 dicti
262 3163 423 3238 seniores
450 3168 564 3256 ipsam
589 3167 773 3236 marcham
804 3187 886 3234 cum
922 3164 1030 3235 terris
1061 3174 1098 3233 et
1131 3161 1233 3236 siluis
1250 3167 1372 3240 ¹cultis
1404 3177 1439 3236 et
1464 3169 1518 3236 in'·

143 3267 554 3358 ruitis-specieiiterad
578 3275 795 3357 potestatem
820 3263 948 3336 domus
981 3265 1040 3334 dei
1073 3264 1361 3356 campidonensis
1395 3289 1519 3337 mena·

140 3367 246 3438 sterii
284 3369 393 3436 etiam
425 3385 447 3434 a
478 3365 705 3456 tenporibus
730 3365 865 3434 -iiareii
903 3365 1027 3456 magni
1067 3364 1298 3454 imperatoris
1336 3364 1516 3438 contineri

140 3466 249 3560 qued
262 3463 459 3560 numquam
480 3465 521 3534 in
546 3467 697 3534 alterius
721 3465 877 3535 hominis
901 3474 1090 3555 potestate·
1111 3465 1204 3533 iusta
1237 3455 1413 3536 uestitum
1438 3467 1516 3537 i’ue·

101 3635 105 3644 .
141 3567 192 3635 rit
217 3587 264 3633 ex
290 3587 363 3658 que
389 3567 507 3657 ipsum
534 3565 811 3656 campidonense
835 3565 1096 3634 monasterinm
1120 3585 1142 3634 a
1166 3565 1292 3634 beatae
1317 3567 1515 3638 memoriae

140 3665 337 3757 hiltigarda
371 3665 498 3757 regina
529 3686 646 3737 uxore
686 3662 800 3754 ipsius
836 3665 959 3755 magni
997 3662 1122 3734 iiareii
1159 3663 1280 3742 fumat
1316 3665 1537 3745 indutum·

141 3767 337 3856 nullusque
363 3777 488 3856 postea
514 3783 560 3834 cx
590 3764 850 3856 albigaugensi.
887 3768 948 3833 uel
981 3763 1260 3856 hiiargsugsnsi.
1299 3767 1516 3858 neiraugns·

143 3865 320 3956 gangensi
345 3869 480 3957 popule
504 3866 672 3956 superins
707 3875 944 3936 memoratum
977 3865 1245 3934 monasterium·
1266 3861 1370 3934 inii-a·
1398 3867 1515 3958 ipsam

142 3961 326 4037 murcha's'u
352 3967 536 4046 inuadere.
557 3967 809 4036 antnseatta
831 3960 973 4057 capere.
1007 3956 1201 4034 ceretium
1234 3957 1358 4035 nuilus
1390 3963 1514 4038 cernei
1631 3975 1641 3985 '

144 4063 240 4136 inira
266 4061 464 4158 prodiciam
480 4059 672 4148 amarchasn
702 4065 851 4162 siiquod
885 4059 1074 4136 iudiciu‘m·
1091 4061 1212 4134 iacere
1249 4065 1415 4138 audebat.
1440 4066 1515 4137 sed

1224 4160 1302 4258 to*
