3804 4718
562 345 565 352 ’
681 323 949 418 Authentica·
1421 339 1503 431 133
1550 368 1556 384 ¹

75 585 81 593 ·
129 561 285 635 dileatm
317 560 489 655 Princeps
519 517 646 637 sostei·
675 563 906 637 Eldrabertus
938 523 1157 639 venerabilia
1187 559 1502 662 babenbergensis

126 663 342 756 Episcopus.
368 664 516 734 feodum
540 665 691 736 ecclesie
716 687 781 736 aue
805 669 843 736 iu
866 669 1113 754 Memnona,
1147 669 1244 761 quod
1266 669 1358 740 olim
1383 669 1502 744 tenuit
1624 749 1627 757 .

119 754 177 834 'ab
204 765 332 835 eadem
355 763 515 835 Ecclesia
541 766 614 834 dux
638 765 682 836 de
707 765 900 859 zeringen.
927 767 1033 838 uobis
1057 777 1093 836 et
1120 768 1253 862 dilecto
1277 769 1353 841 filio
1371 783 1500 844 nostro
1636 761 1652 796 '

127 863 305 934 Heinrico
328 865 574 934 Romanorum
596 861 715 956 Regi,
749 875 787 935 et
817 865 1011 937 heredibus
1041 865 1177 938 nostris
1193 867 1244 936 in
1278 882 1498 962 perpetuum

128 959 354 1035 concesserit
378 974 415 1034 et
440 961 631 1034 donauerit
654 967 692 1033 in
717 975 856 1036 rectum
883 976 920 1037 at
945 965 1148 1058 legitimum
1173 965 1322 1036 feodum
1348 971 1385 1036 in
1419 995 1502 1064 pre·

126 1059 247 1135 sentia
267 1059 420 1134 illustris
444 1065 728 1134 Jerosolimitani
746 1065 867 1158 Regis.
893 1066 1108 1144 dilectorum
1134 1066 1337 1159 principum
1362 1083 1502 1142 nostro·

128 1185 214 1233 rum
236 1163 380 1232 suauis
413 1172 449 1231 et
473 1164 658 1234 Gariuthie
690 1165 842 1256 ducum,
877 1165 1001 1240 fratris
1027 1167 1225 1238 Hermanni
1249 1167 1414 1260 magistri
1439 1173 1501 1242 do-

127 1283 211 1333 mus
235 1264 366 1334 Sancte
389 1261 504 1334 Maria
535 1263 800 1336 teutonicorum
832 1265 870 1334 iu
903 1268 1124 1353 Jerusalem,
1160 1276 1197 1337 et
1230 1269 1500 1358 quamplurium

128 1363 280 1453 imperii
303 1360 489 1432 nobilium.
520 1361 621 1456 opud
644 1364 814 1434 Sanctum
840 1365 1081 1452 Germanum,
1113 1371 1202 1434 tuno
1234 1369 1428 1458 temporis,
1460 1364 1500 1439 isi

128 1456 242 1534 Curia
266 1472 393 1532 nostra
416 1465 651 1554 presentium.
677 1485 745 1532 nos
769 1485 838 1558 pro
862 1465 976 1556 ipsius
1001 1463 1099 1535 feodi
1124 1467 1353 1556 susceptione
1378 1479 1416 1539 et
1442 1491 1499 1538 re·

128 1562 360 1654 cognitione,
398 1563 634 1634 conuenisuus
659 1575 817 1658 quatuor
840 1565 942 1636 milia
965 1586 1168 1635 marcarum
1192 1566 1356 1656 argenti,
1395 1567 1429 1638 ei
1464 1578 1502 1638 et

32 1727 34 1732 .
125 1663 282 1733 ecclesie
306 1683 389 1750 sue,
424 1661 464 1732 in
496 1663 738 1753 subscriptum
763 1663 912 1735 modum
938 1673 975 1734 et
999 1675 1172 1738 tenorem.
1197 1665 1275 1736 siue
1301 1665 1501 1737 contradic·

125 1765 228 1834 tione
254 1760 439 1832 soluenda.
467 1760 513 1830 de
538 1762 671 1856 quibus
696 1763 793 1856 apud
815 1765 985 1836 Sanctum
1012 1764 1233 1835 Germanum
1260 1765 1381 1836 exolui
1412 1768 1499 1836 leci·

125 1883 208 1933 mas
241 1861 278 1932 ei
310 1884 376 1952 pre
401 1861 587 1948 manibus,
621 1861 668 1932 ad
697 1883 792 1954 opus
817 1873 855 1934 ct
880 1865 1069 1935 utilitatem
1094 1866 1247 1936 ecclesis
1269 1883 1345 1935 sue.
1392 1868 1498 1948 Mille

123 1981 266 2033 marcas
291 1961 443 2052 argenti.
494 1963 535 2030 ln
561 1961 654 2031 sesto
680 1983 768 2032 uero
794 1965 1023 2039 Pentecostes
1049 1963 1168 2056 primo
1200 1973 1377 2053 uenturo,
1413 1965 1498 2035 anni

122 2061 298 2132 uidelicet
323 2060 588 2154 quartcdecime
612 2062 834 2148 Indicticnis,
859 2072 1026 2134 tenemur
1051 2066 1224 2133 exoluere
1241 2063 1317 2132 Sibi
1335 2065 1394 2133 uel
1411 2063 1518 2133 nun?

1 2151 2 2224 ᾖ
122 2163 178 2234 tio
212 2185 280 2232 suo
312 2184 381 2253 per
413 2183 539 2230 manus
571 2163 726 2251 predicti
752 2161 915 2254 magistri
940 2175 975 2232 et
999 2163 1152 2232 fratrum
1179 2163 1307 2232 winus
1332 2165 1500 2234 Teutoni·
1591 2212 1594 2218 -

126 2283 255 2332 eorum
280 2263 381 2332 Mille
407 2281 546 2330 marcas
573 2263 725 2352 argenti.
774 2265 890 2356 Quas,
929 2259 960 2333 si
986 2263 1114 2332 eodem
1139 2265 1296 2333 termino
1321 2285 1396 2333 non
1420 2285 1501 2356 per·

126 2361 363 2447 soluerimus,
399 2361 499 2428 rnille
533 2383 653 2431 marce
687 2362 788 2452 prius
820 2365 956 2448 solute,
994 2371 1100 2432 erunt
1132 2359 1290 2451 ejusdem
1317 2361 1522 2456 Episcopi·

126 2461 362 2531 concessione
387 2481 430 2528 ac
451 2460 644 2530 donatione
671 2462 831 2552 predicta
851 2461 999 2530 minime
1014 2465 1190 2534 ualituris.
1217 2470 1221 2480 ’
1239 2465 1393 2558 Reliqua
1410 2487 1499 2535 uero

127 2563 201 2632 duo
226 2562 324 2628 milia
351 2581 552 2628 marearum
578 2561 719 2652 argenti
745 2562 984 2633 concepimus
1009 2566 1068 2632 uel
1092 2561 1168 2632 Sibi
1195 2563 1256 2632 uel
1281 2564 1409 2634 nuntio
1433 2583 1500 2634 auo

128 2661 175 2732 ad
209 2681 301 2752 opus
334 2659 485 2730 ecclesie
518 2681 600 2746 sue,
636 2662 673 2729 in
711 2661 783 2730 alio
808 2659 978 2730 uidelicet
1005 2661 1127 2730 futuro
1152 2659 1245 2730 festo
1270 2663 1501 2735 Pentecostcs

128 2761 216 2832 anni
239 2760 422 2852 sequentia
448 2759 711 2852 quintadecima
736 2760 942 2829 Indictionis
966 2761 1064 2851 apud
1087 2759 1313 2850 Nurinberc,
1338 2783 1407 2854 per
1430 2755 1503 2832 use

129 2881 198 2930 nus
232 2861 396 2950 magistri
428 2870 464 2930 et
497 2857 649 2928 fratrum
684 2858 843 2927 eiusdem
869 2859 997 2928 domus
1023 2861 1290 2928 teutonicorum
1316 2861 1525 2930 soluenda·

129 2965 210 3059 Quo
243 2962 273 3028 si
308 2981 381 3027 non
412 2957 547 3027 luerint
580 2959 708 3027 eodem
736 2957 877 3051 profixo
903 2958 1060 3028 termino
1085 2959 1280 3048 persoluta.
1305 2959 1376 3029 duo
1402 2955 1502 3030 milia

129 3081 353 3146 marcarum,
391 3081 461 3152 que
494 3059 566 3126 iarn
596 3059 715 3128 soluta
747 3069 872 3145 erunt,
911 3057 982 3127 sint
1018 3079 1063 3126 cst
1089 3068 1165 3125 toto
1190 3057 1503 3150 babenbergensis

129 3157 317 3253 Episcopi.
339 3169 376 3228 et
400 3157 563 3250 predicta
588 3159 774 3228 concessio
799 3168 836 3227 et
860 3157 1025 3245 donatio,
1054 3157 1152 3226 nulle
1178 3168 1295 3246 erunt.
1344 3160 1381 3229 Si
1398 3180 1500 3246 uero,

128 3261 227 3331 int'ra
251 3270 394 3348 tempus
419 3255 610 3328 solutionis
635 3259 810 3350 predicte,
834 3259 896 3326 uel
920 3259 1156 3350 priusquam
1181 3257 1323 3350 integre
1349 3259 1395 3326 sit
1410 3257 1504 3328 tacta

131 3359 277 3432 solutio.
302 3359 437 3452 aliquid
463 3359 567 3427 nobis
593 3359 818 3444 humanitus,
845 3358 943 3450 quod
969 3357 1058 3426 deus
1079 3367 1237 3442 auertat,
1264 3359 1505 3449 contingeret,

130 3461 310 3532 ilenricus
334 3461 415 3527 Rex
438 3459 683 3527 Romanorum
708 3457 804 3525 filius
830 3467 973 3542 noster,
1007 3477 1121 3546 usque
1153 3478 1223 3553 per
1246 3465 1362 3554 'aarum
1389 3479 1501 3527 unum
1619 3504 1625 3516 .

131 3581 267 3630 anuum
293 3561 532 3649 completum,
565 3561 660 3626 ultra
685 3557 880 3638 terminum
907 3555 1013 3624 nobis
1039 3557 1247 3647 prestitum,
1279 3557 1427 3626 babebit
1454 3555 1505 3625 iu·

132 3658 273 3747 dutiae,
298 3667 516 3728 conuentum
541 3657 729 3746 pecuniam
757 3656 998 3746 persoluendi.
1047 3657 1157 3724 Juxta
1181 3655 1279 3748 quod
1303 3656 1340 3724 in
1374 3656 1505 3728 litteris
1599 3712 1602 3721 .

133 3761 295 3832 eiusdem
321 3757 633 3846 babenbergensis
652 3755 823 3845 Episcopi
846 3754 933 3824 inde
958 3755 1102 3844 scriptia
1129 3755 1271 3845 plenius
1288 3755 1504 3824 continetur.

133 3862 188 3932 Ad
222 3860 330 3928 huius
362 3859 484 3950 itaque
520 3857 770 3926 conuentionis
804 3863 840 3924 et
873 3855 1062 3924 solutionis
1088 3853 1317 3942 memoriam,
1355 3875 1505 3946 presens

136 3955 325 4052 Scriptum
351 3957 394 4026 ad
421 3958 595 4026 cautelam
622 3955 709 4023 dicti
734 3953 921 4046 Episcopi,
960 3965 995 4022 et
1020 3954 1169 4022 ecclesia
1193 3974 1274 4040 sue,
1306 3954 1386 4024 lieri
1419 3953 1506 4022 iaci·

138 4081 238 4145 mos,
271 4069 308 4128 et
333 4058 460 4151 Sigillo
487 4071 612 4126 nostro
639 4056 808 4126 iussimus
834 4052 1059 4125 communiri.
1119 4055 1213 4124 Data
1235 4054 1331 4144 apud
1356 4051 1508 4127 Alifiam.
1626 4108 1629 4115 .
