3772 4722
410 351 500 436 240
801 338 1047 457 Diplomate
1074 319 1386 458 Imperatorum
1526 395 1533 404 ·
1640 305 1648 314 ¹

414 599 523 675 qoem
547 584 675 670 preest
696 574 919 666 principibus
936 574 1053 646 *orbis
1070 585 1170 644 terre
1195 575 1276 645 loca
1306 571 1529 644 venerabilia
1551 572 1623 663 ‹pit
1654 579 1780 650 mentia

412 679 601 752 affectione
626 685 768 761 utatur,
794 685 830 746 st
853 676 968 746 iustas
994 697 1061 767 pro
1088 676 1140 745 eis
1166 685 1351 766 porrectas
1368 673 1623 754 fauorabiliter
1636 677 1783 767 peticio·
1881 693 1883 768 j

412 803 489 852 nes·
504 777 669 850 admittit
719 779 774 846 Ea
797 787 948 868 propter
971 774 1149 846 uniuersis
1175 777 1321 868 lmperii
1350 773 1529 846 'fidelibus
1555 779 1783 864 presentibus
1882 795 1883 860 t

416 893 453 952 et
477 879 631 966 futuris,
665 879 834 948 uolumus
859 898 938 948 essa
963 887 1090 948 uotum
1113 876 1223 970 quod
1249 875 1458 948 Rsodollus.
1483 875 1702 949 venerahilis
1728 880 1786 948 ale
1881 871 1883 922 t

413 984 493 1052 uss*
511 977 692 1050 leucensis
724 977 875 1048 dilectus
910 975 1027 1050 tidelis
1051 988 1177 1047 noster
1202 977 1434 1069 priuilegium
1460 973 1641 1070 quoddam
1667 999 1813 1073 mone·-

414 1079 526 1152 sterio
552 1099 619 1150 suo
643 1077 821 1148 indultum
849 1100 870 1146 a
895 1077 1191 1168 nobistempore
1210 1079 1327 1178 Regni
1351 1079 1478 1147 nostri.
1505 1086 1630 1148 nostre
1648 1079 1788 1149 celsitu·
1882 1099 1883 1122 t

269 1197 273 1205 '
413 1181 491 1252 diui
515 1179 758 1274 presentauit,
794 1178 1013 1267 supplicans.
1040 1189 1081 1248 ut
1106 1178 1195 1248 illud
1218 1179 1411 1263 inuocare,
1452 1189 1488 1248 et
1523 1200 1594 1271 quc
1630 1181 1788 1251 contiue-
1883 1217 1884 1268 3

413 1283 549 1354 bantur
573 1281 611 1350 iu
636 1279 717 1371 ipso
740 1277 957 1350 confirmare
983 1279 1028 1346 de
1050 1288 1177 1350 nostra
1202 1278 1435 1371 dignaremur
1461 1279 1588 1370 gratia.
1614 1278 1717 1349 cuius
1741 1291 1787 1350 te·

414 1405 485 1453 nor
510 1392 567 1453 eat
591 1402 658 1473 per
684 1379 807 1450 omnia
831 1379 923 1449 talis.

609 1535 843 1625 „Fridsrious
878 1537 919 1604 11.
954 1544 1020 1605 etc.
1054 1545 1124 1604 eto.
1161 1534 1285 1603 datum
1318 1535 1415 1626 apud
1439 1537 1581 1606 Ulmam
1616 1559 1670 1606 ao.
1708 1537 1786 1605 Gur.

617 1637 810 1724 1219..1v.
835 1634 877 1703 ld
902 1641 995 1718 (10.)
1023 1633 1166 1725 Septbr.
1191 1635 1269 1703 Iud.
1296 1637 1379 1704 Vl.“
1406 1635 1520 1730 [quod
1557 1637 1715 1707 habetur
1745 1659 1788 1707 cx

613 1729 785 1830 originali
813 1744 919 1812 1218.
946 1734 1067 1823 potius
1094 1755 1203 1827 quam
1234 1745 1338 1823 1219·
1369 1746 1425 1811 10.
1445 1735 1654 1828 Septemb.)

516 1889 592 1958 Nos
624 1887 737 1980 igitur
769 1888 991 1959 attendentes
1022 1888 1133 1959 fidem
1167 1900 1204 1958 et
1236 1889 1467 1961 deuotionem
1504 1893 1616 1981 ipsius
1650 1893 1789 1964 abbatis
1884 1967 1885 1970 ,

420 2011 529 2084 quam
551 1987 598 2059 ad
624 1988 883 2072 celsitudinem
908 2001 1071 2060 nostram
1097 1989 1227 2077 hebet,
1252 1993 1326 2060 suis
1352 1989 1676 2082 supplicationibus
1692 1993 1791 2063 incli-

419 2091 504 2162 nati.
529 2089 733 2183 predictum
759 2087 991 2181 priuilegium
1017 2091 1098 2188 eia
1122 2092 1229 2160 nobis
1253 2091 1452 2177 indultum,
1486 2093 1645 2183 presenti
1682 2092 1791 2183 priui-

315 2219 325 2229 ·
419 2192 515 2283 legio
542 2190 586 2262 de
611 2191 728 2262 uerbo
755 2191 800 2260 ad
824 2189 978 2263 uerbum
1003 2191 1172 2262 iussimus
1197 2191 1327 2278 inseri,
1362 2192 1579 2285 omnisque
1607 2191 1790 2263 continea-

419 2302 480 2360 tur
514 2292 552 2361 iu
584 2313 627 2360 ec
662 2302 786 2361 nostre
812 2291 1032 2361 auctoritatis
1060 2293 1255 2360 munimine
1282 2292 1558 2374 confirmantes.
1597 2291 1792 2362 Statuimua

419 2391 532 2485 igitur
555 2401 591 2461 et
615 2393 798 2484 lmperiali
821 2392 1001 2462 sancimus
1027 2391 1155 2462 edicto.
1184 2391 1353 2485 quatinus
1378 2394 1476 2461 nulls
1508 2413 1686 2484 persona,
1725 2397 1793 2464 alte

421 2494 481 2562 uel
515 2491 679 2574 humilis,
718 2493 959 2563 ecclesiastica
991 2495 1052 2561 uel
1086 2494 1269 2579 secularis,
1295 2492 1497 2583 predictum
1523 2493 1792 2564 Monasterium.

422 2591 590 2662 abbatem
616 2603 653 2661 et
677 2613 905 2663 successores
933 2594 1009 2663 eius
1033 2614 1143 2683 super
1168 2593 1339 2683 predictis
1363 2593 1470 2663 honis
1496 2605 1621 2661 contre
1650 2617 1794 2686 pressu·

386 2687 392 2696 ’
422 2693 471 2762 tis
495 2689 681 2785 priuilegii
706 2694 824 2764 nostri
851 2705 1014 2764 tenorem
1039 2715 1131 2762 ausu
1157 2693 1353 2764 temes-urio
1380 2694 1573 2763 molestare
1599 2707 1794 2784 presumat.

422 2791 528 2890 Quod
553 2793 616 2885 qui
642 2797 902 2885 presumpserit
926 2804 1051 2886 preter
1066 2793 1351 2886 indignationem
1366 2794 1480 2864 nostri
1498 2794 1673 2863 culminis
1689 2819 1793 2888 quam

421 2895 585 2962 incurret
610 2894 761 2965 Centum
794 2897 906 2965 libras
941 2896 1020 2965 suri
1054 2895 1137 2986 puri
1168 2906 1371 2985 componat.
1406 2893 1595 2964 medietate
1621 2895 1709 2964 fisco
1737 2918 1795 2964 no·

423 3003 518 3080 stro,
544 2995 684 3086 relique
710 2996 808 3065 dicto
833 2995 1054 3066 monasterio
1082 2995 1332 3084 persoluenda.
1385 2995 1432 3066 Ut
1457 3003 1579 3064 autem
1596 2997 1798 3066 heonostre

424 3093 651 3164 confirmatio
677 3096 791 3163 robur
817 3106 991 3185 perpetue
1017 3093 1198 3164 firmitatis
1224 3093 1396 3162 obtineat.
1434 3116 1583 3185 presens
1617 3093 1798 3186 priuilegi-

319 3201 329 3212 '
423 3216 485 3263 um
519 3193 599 3261 fieri
631 3188 890 3262 mandauimus.
923 3203 960 3261 et
985 3181 1112 3283 sigillo
1139 3193 1332 3263 maiestatis
1360 3204 1482 3264 nostre
1507 3189 1678 3284 jussimus
1704 3217 1798 3266 com·

424 3289 569 3379 muniri.
620 3291 735 3359 Huius
761 3293 815 3360 rei
840 3302 952 3362 testes
977 3303 1072 3362 suut.
1101 3292 1222 3364 dilecti
1246 3293 1428 3386 principes
1452 3295 1798 3368 venerahilisEber-

422 3391 558 3464 hardus
584 3389 860 3482 salzburgensis
886 3393 1191 3484 archiepiscopus.
1244 3395 1277 3464 S.
1304 3395 1578 3487 Ratisponensis
1598 3397 1800 3489 Episcopus

302 3543 308 3572 ,
423 3489 730 3585 lmperialis·aule
747 3493 1002 3564 Ooocellsrius.
1053 3493 1196 3565 Sibotto
1212 3497 1447 3586 Augustensis
1465 3497 1679 3588 Episcopus.
1720 3497 1801 3566 Fra·

424 3606 483 3662 ter
508 3593 736 3662 Hermannus
757 3589 930 3685 Magister
956 3596 1083 3665 dornus
1110 3604 1231 3665 sancte
1247 3597 1362 3666 Marie
1389 3597 1690 3668 theotonicorum.
1731 3599 1800 3668 Ab·

424 3694 489 3762 bas
514 3693 629 3762 sancti
654 3695 897 3765 Emmeranci.
947 3693 989 3765 O.
1024 3695 1098 3763 dux
1123 3696 1300 3766 Bawerie.
1353 3697 1394 3766 H.
1420 3699 1647 3789 Lsngrsuiue
1673 3696 1802 3768 'l'urin-

425 3793 495 3885 gie.
547 3793 677 3863 comes
702 3794 880 3885 palatinus
909 3797 1074 3866 saxonie.
1125 3796 1168 3864 li.
1194 3797 1357 3866 Marchio
1392 3795 1435 3868 de
1460 3798 1593 3868 Badeo.
1644 3799 1683 3868 0.
1709 3797 1801 3868 Bur·

426 3890 571 3964 cranius
597 3893 641 3964 de
666 3895 932 3982 Nvoremherc,
960 3897 1082 3965 etalii
1108 3918 1216 3990 quam
1242 3899 1376 3987 plures.

427 4053 603 4172 Signum
631 4053 795 4145 Domni
824 4053 1031 4146 Friderici
1072 4056 1249 4146 secundi
1284 4057 1373 4146 Dei
1410 4024 1582 4170 'semper
1618 4059 1804 4250 Atzguzti

1320 4205 1326 4218 ⁸
1709 4199 1751 4249 l'fl
1782 4201 1803 4246 ἃ
