3870 4718
706 329 710 342 .
741 264 987 381 Dipiomata
1014 261 1330 379 Imperatorum

953 689 1118 798 DCV.

707 931 801 991 Anno
831 933 927 990 1213.
983 933 1019 988 te
1036 920 1128 1003 April
1154 923 1369 988 Constantine.

346 1105 591 1196 Fridericus
621 1105 674 1190 ΙΙ.
710 1127 791 1188 rex
832 1121 874 1188 et
902 1129 980 1218 rea
1012 1091 1198 1208 Siciliae,
1236 1103 1305 1188 cui
1332 1103 1557 1190 Heinrious
1589 1102 1719 1190 abbas

276 1307 281 1318 .
349 1218 700 1340 Campidonensis
733 1219 909 1307 contulit
949 1219 1212 1307 advocatiam
1254 1219 1455 1308 ecciesiae
1487 1220 1720 1337 Campido-

345 1345 488 1430 nensis
519 1358 562 1423 et
591 1336 671 1424 alia
699 1333 918 1446 beneficia,
950 1365 1061 1454 quae
1091 1338 1385 1454 progenitores
1417 1340 1483 1433 sui
1499 1337 1551 1425 ab
1571 1337 1721 1424 eadem

249 1505 261 1516 .„
346 1457 525 1546 ecclesia
559 1453 824 1562 hahuerunt,
845 1531 848 1536 .
870 1486 952 1540 nee
984 1485 1073 1542 non
1110 1454 1374 1544 advocatiam
1413 1488 1462 1544 ac
1500 1455 1720 1562 beneficia,

306 1575 308 1583 ’
347 1602 458 1688 quae
490 1571 709 1687 quondam
738 1571 932 1658 marchio
962 1571 1017 1657 de
1042 1572 1370 1686 Ruomesperch
1406 1575 1522 1659 seodi
1548 1575 1721 1660 nomine

347 1691 520 1798 habuit,
553 1691 739 1804 exceptis
768 1710 911 1776 tamen
939 1689 1044 1796 iliis,
1090 1715 1201 1801 quae
1242 1709 1337 1774 ante
1375 1691 1486 1803 regis
1526 1689 1721 1774 eiusdem

346 1808 579 1896 adventum
608 1807 698 1892 aliis
731 1807 881 1894 coliata
912 1825 1034 1914 sunt,
1073 1805 1259 1891 vicissim
1292 1805 1431 1892 eidem
1460 1806 1721 1892 monasterio

348 1927 597 2013 comitatum
628 1923 1009 2042 campidonensem
1047 1923 1210 2008 ratione
1244 1923 1390 2040 legalis
1421 1923 1539 2012 feodi
1571 1940 1612 2009 et
1640 1920 1722 2008 ho-

712 2039 914 2130 norabilis
943 2037 1139 2128 beneficii
1170 2041 1348 2128 confert.

264 2267 268 2270 ’
345 2267 592 2355 (Glirt‘emon.)
643 2211 699 2344 In
724 2273 884 2342 nomine.
910 2249 1043 2343 sancte.
1069 2281 1116 2342 st.
1141 2265 1339 2340 indiuiduo.
1365 2269 1548 2340 trinitatis.
1565 2269 1720 2340 Frideri·

344 2406 421 2456 cus.
446 2386 635 2457 secundus.
664 2389 742 2457 Dei.
770 2387 897 2482 gratia.
924 2390 1181 2458 Romanorum.
1207 2388 1298 2456 Rex.
1333 2407 1488 2476 semper.
1522 2377 1716 2476 Augustus.
1791 2398 1798 2410 “

345 2494 392 2554 et·
420 2485 508 2555 Rex.
533 2487 677 2578 Syciiie.
702 2487 899 2559 Maiestatis
924 2495 1049 2564 nostre
1076 2487 1178 2555 decet
1212 2485 1492 2555 munificentiam
1530 2495 1718 2576 expertam

344 2578 508 2654 fidelium
532 2597 740 2656 nostrorum
767 2590 972 2680 approbare
998 2583 1244 2660 deustionem.
1269 2607 1349 2654 eam
1367 2585 1489 2678 quein
1503 2588 1621 2678 patara
1636 2601 1720 2676 pro·

346 2683 501 2756 ductam.
528 2687 631 2778 regia
656 2709 919 2780 recognoscere
945 2686 1234 2779 conpensatione.
1299 2685 1486 2756 Vniuersis
1513 2685 1626 2778 igitur
1651 2687 1718 2755 Im·

345 2784 440 2876 perij
463 2783 630 2858 fidelibus
657 2798 729 2858 tarn
755 2790 985 2882 presentibus
1013 2809 1120 2882 wem
1137 2787 1270 2857 futuris
1287 2787 1380 2856 hanc
1399 2787 1566 2880 paginam
1582 2787 1721 2878 inspec-

344 2884 435 2956 turis
460 2889 628 2959 uolumus
654 2889 841 2960 declarari.
867 2891 968 2982 quod
992 2891 1144 2959 dilectus
1169 2888 1285 2960 fidelis
1310 2899 1434 2956 noster
1454 2887 1645 2955 Heinricas
1662 2901 1721 2954 ve·

344 2987 518 3060 parabilis
544 2987 656 3056 abbas
683 2988 991 3078 campidonensis.
1017 3011 1063 3054 ex
1088 2987 1230 3054 liberali
1255 2985 1386 3051 affectu
1412 2985 1519 3051 animi
1547 2983 1613 3050 sui.
1638 3003 1721 3050 cum

346 3085 456 3176 piena
482 3083 742 3152 deliberatione
766 3105 1034 3175 recognoscens
1059 3083 1139 3151 iura
1165 3091 1297 3150 nostra.
1324 3090 1396 3148 tam
1422 3081 1645 3153 adunantiam
1663 3101 1721 3150 es·

304 3255 306 3258 ,
348 3183 458 3252 etesia
485 3183 783 3272 Campidonensis
809 3205 917 3275 qimm
945 3184 1066 3251 omnia
1099 3183 1168 3250 alia
1201 3179 1395 3268 beneficia,
1433 3201 1502 3276 que
1536 3177 1720 3274 quondam

347 3281 423 3351 diui
456 3283 708 3374 progenitores
742 3284 857 3354 nostri
891 3283 1003 3352 incliti
1029 3285 1275 3352 Romanorum
1302 3303 1407 3378 reges
1433 3293 1470 3352 et
1494 3283 1653 3373 augusti}
1674 3303 1721 3350 ax

268 3389 272 3395 ’
348 3383 469 3474 gratia
495 3383 644 3454 ecclesie
659 3380 959 3476 campidonensis
985 3383 1059 3452 suis
1084 3381 1288 3452 habuerunt
1311 3381 1549 3474 temporibus.
1575 3383 1653 3451 iure
1671 3385 1722 3451 le·

342 3478 440 3573 ¹gatis
467 3480 644 3552 beneficii.
670 3505 714 3554 aa
740 3485 817 3555 sine
842 3484 941 3553 omni
967 3481 1206 3554 diminutione·
1229 3485 1326 3556 nulla
1349 3481 1565 3575 interposita
1599 3481 1720 3551 condi·

347 3582 456 3651 tione.
483 3583 529 3653 de
554 3605 664 3654 manu
679 3603 753 3669 ¹sua
779 3605 862 3654 curn
888 3586 987 3654 omui
1013 3585 1140 3654 eodem
1160 3585 1239 3653 iure
1258 3595 1293 3653 et
1310 3587 1448 3653 honore
1465 3582 1627 3653 contulit.
1665 3579 1720 3650 nd

348 3684 417 3750 hec
441 3693 481 3752 ut
505 3684 648 3773 plenius
673 3705 739 3756 nos
765 3686 862 3755 idern
888 3681 998 3755 abbas
1024 3685 1070 3754 ds
1103 3685 1231 3754 affectu
1265 3705 1328 3754 sue
1363 3681 1579 3754 certificaret
1611 3678 1719 3749 deuo·

270 3807 289 3830 κ
348 3781 470 3862 tionis.
509 3783 731 3855 aduocatiarn
758 3783 918 3855 omniurn
944 3782 1195 3878 posessionum
1228 3807 1270 3853 ac
1301 3781 1469 3854 beneficii
1502 3803 1574 3876 qus
1606 3787 1718 3872 duon-

349 3877 431 3947 dam
460 3879 504 3950 ab
531 3883 656 3954 eadem
682 3885 1008 3958 ecciesia'diiectus
1036 3886 1324 3977 consanguineas
1348 3895 1472 3954 noster
1490 3881 1655 3952 Marchio
1673 3877 1718 3948 de

203 4003 204 4008 ¹
293 4071 296 4076 Ι
347 3979 618 4081 Ruomesperch
643 3983 810 4060 habuisse
836 3989 981 4058 nomine
1007 3983 1107 4055 feodi
1133 3984 1342 4056 dinoscitur.
1369 4005 1451 4053 cum
1470 3981 1569 4054 omni
1587 3977 1666 4050 iure
1682 3986 1719 4048 et
