3804 4718
393 327 477 412 124
637 313 650 339 '
779 321 1024 438 Diplomata
1051 295 1361 438 Imperatorum

389 565 551 626 nostram
575 553 753 647 impedire
778 535 963 648 presumat
987 557 1048 625 nel
1071 553 1296 650 aliquatenus
1320 555 1525 626 molestare.
1585 559 1692 656 Quod
1727 560 1757 629 si
1891 601 1892 620 .

391 651 525 749 aliquis
550 677 640 726 ausu
662 658 855 726 temerario
877 657 1146 747 presumpserit.
1171 668 1316 728 centum
1332 656 1444 726 libras
1458 657 1536 727 auri
1534 669 1757 776 ..componat

391 777 545 848 quarum
569 756 742 826 medietas
769 778 910 826 camere
936 767 1068 826 nostre
1119 759 1342 826 alteravero
1366 744 1662 846 passiainiuriam
1674 781 1758 852 per·

389 857 564 926 soluatur.
615 857 670 926 Ad
694 857 800 926 buius
823 859 961 950 itaque
969 857 1023 924 rei
1048 857 1264 926 memoriam
1280 865 1316 924 et
1327 868 1540 948 perpetuam
1555 859 1759 930 firmamen-

390 965 477 1025 tum.
506 967 712 1072 presentem
737 980 806 1052 pag
808 958 905 1025 inam
930 955 1060 1026 exinde
1085 957 1326 1074 conscriptam
1352 957 1472 1046 sigillo
1498 971 1621 1028 nostre
1653 959 1761 1028 maic-
1890 945 1892 1020 ζ

390 1057 491 1126 statis
517 1056 684 1126 iussimus
709 1053 939 1126 communiri.
992 1054 1107 1129 Huius
1130 1057 1185 1126 rei
1211 1066 1429 1130 tentassent:
1478 1055 1759 1150 SiffridusEpis·

390 1177 503 1248 copus
528 1155 773 1247 argentearia.
824 1155 1013 1224 Heinricus
1052 1155 1352 1231 wormaciensis¹
1347 1156 1568 1250 episcopus.
1620 1158 1762 1228 Heinri-

391 1278 455 1325 euc
480 1255 681 1346 imperialis
714 1257 794 1328 aule
827 1255 1126 1347 prothonotarius
1152 1254 1361 1326 (berhardus
1397 1279 1517 1332 comes
1544 1257 1597 1339 de
1632 1257 1761 1330 dietas.

391 1355 608 1437 B'erhtoldus
634 1355 679 1425 de
704 1355 918 1427 drvcbburc
969 1357 1170 1446 Hermanno
1195 1355 1239 1424 de
1266 1355 1466 1427 Svlzberc.
1497 1343 1689 1428 Heinricua
1716 1357 1761 1428 de
1858 1369 1860 1376 '

391 1452 616 1526 Rotenburc.
668 1457 877 1526 Cvonradus
903 1456 947 1524 de
974 1454 1099 1523 durna.
1148 1454 1363 1524 Berhtoldus
1390 1435 1606 1540 &ablnuelt
1647 1458 1762 1529 Cvon·
1892 1517 1893 1528 ,

392 1553 500 1626 radus
533 1552 706 1646 pincerna
738 1557 783 1625 dc
809 1557 940 1647 Scipfa.
1003 1553 1214 1624 Cvonradua
1251 1565 1290 1626 et
1320 1557 1552 1628 Eberhardus
1585 1557 1761 1652 pincerne
1891 1551 1893 1592 f

389 1653 713 1726 de-winterstatin.
766 1656 890 1724 Cvono
916 1655 960 1724 de
976 1655 1189 1745 Eberaperc.
1240 1655 1364 1726 Crono
1390 1666 1429 1726 et
1441 1657 1610 1727 albertus
1621 1657 1760 1728 fratrea

392 1753 438 1823 de
465 1773 677 1826 srmerowc.
715 1755 907 1824 Heinricns
933 1763 970 1826 et
993 1754 1127 1824 eiricus
1151 1749 1283 1826 fratres
1308 1755 1353 1825 de
1370 1747 1657 1829 Schoenenaeke.
1683 1755 1763 1827 'Sis-

391 1849 509 1924 fridua
535 1865 573 1924 et
595 1853 777 1923 heinricus
802 1855 933 1925 fratres
957 1853 1002 1922 de
1035 1857 1262 1946 tbnnrspsrc.
1314 1857 1541 1928 Hermannua
1575 1857 1642 1926 de
1656 1858 1763 1928 wile.
1892 1895 1893 1898 =

391 1952 600 2024 Fridericua
625 1954 845 2025 camararius
872 1953 916 2023 da
939 1953 1126 2023 bienburc.
1176 1955 1354 2025 Walterus
1379 1954 1580 2054 Nagiblintts
1589 1957 1765 2060 Minister

395 2053 439 2122 de
465 2056 561 2124 alma
586 2064 623 2123 et
647 2052 722 2122 Alii
746 2076 855 2146 quam
880 2056 1015 2146 plures.
1069 2047 1434 2148 monogramma.)

494 2253 628 2323 Datum
652 2209 748 2342 apud
773 2251 983 2342 wimpinana
1009 2255 1112 2322 Anno
1137 2251 1182 2320 ab
1213 2205 1459 2326 incarnatione
1492 2211 1787 2328 ‹tantai'Mtttes
1891 2249 1893 2276 ¹

395 2351 489 2422 simo
516 2348 762 2431 ducentesimo
787 2355 933 2422 xxrrrr‘0.
970 2352 1084 2422 tercio
1110 2351 1231 2424 Nonas
1257 2353 1400 2444 Aprilis.
1451 2351 1663 2427 Indiction'e.
1683 2369 1800 2464 'xant'
1891 2351 1893 2360 '

463 2577 496 2652 α)
522 2571 690 2659 Sigillum,
726 2571 809 2656 quod
834 2571 1049 2656 appendebat,
1086 2571 1200 2653 peribu
1235 2589 1422 2636 remansere
1447 2583 1556 2638 tamen
1581 2571 1640 2636 bia
1664 2571 1767 2639 ieric'a
1892 2567 1894 2590 ⁴

520 2671 586 2734 albi
611 2685 641 2736 et
665 2674 753 2736 rubri
780 2675 912 2750 coloris,
939 2672 1143 2736 membranae
1169 2669 1306 2736 inferius
1333 2671 1542 2754 complicatae
1567 2672 1698 2737 innexa.
1758 2673 1762 2681 '

463 2823 492 2906 ὁ)
519 2827 569 2888 Εκ
592 2829 723 2916 regione
749 2842 884 2914 quatuor
909 2826 1096 2890 ultimarum
1113 2825 1285 2914 'linearum
1312 2827 1417 2892 studio
1432 2827 1666 2892 decantatorum
1684 2825 1766 2910 pori·

521 2939 590 2989 tum
620 2942 666 2993 est
690 2948 934 3018 monogramma
959 2927 1043 3015 regia
1069 2925 1187 3009 absque
1213 2927 1282 2992 cias
1308 2925 1570 2992 annunciatione.

466 3083 494 3160 e)
521 3079 657 3145 indictio
684 3081 833 3150 convenit
858 3101 931 3145 cum
956 3095 1044 3143 anno
1071 3075 1148 3146 Chr.
1169 3074 1319 3141 indicato.

464 3236 497 3318 d)
524 3233 586 3298 Per
612 3238 732 3316 omnia,
758 3238 814 3300 vix
839 3257 906 3314 non
932 3233 971 3298 do
995 3231 1094 3298 verbo
1119 3231 1327 3308 adverbum,
1354 3229 1523 3296 concordat
1547 3252 1620 3296 cum
1637 3228 1703 3294 aiio
1723 3229 1769 3294 di·

523 3335 828 3418 plomateFriderici
856 3337 898 3398 11.
923 3354 1016 3397 anno
1043 3341 1134 3399 1218·
1160 3330 1266 3413 potius
1292 3353 1388 3416 quam
1416 3329 1767 3422 1219.·18·Septemb.

525 3435 644 3499 Ulmae
678 3437 769 3510 dato;
804 3433 870 3496 sola
903 3444 1036 3516 excepta
1059 3431 1212 3494 Friderici
1236 3433 1277 3494 ΙΙ.
1304 3431 1534 3498 constitutione
1559 3431 1597 3504 de
1623 3443 1768 3507 ,morem

526 3555 607 3620 quae
630 3535 686 3618 bia
711 3534 869 3596 omittitur
892 3534 977 3616 quod
1001 3532 1066 3598 iam
1092 3532 1129 3596 in
1154 3531 1338 3600 recensione
1362 3529 1454 3600 iatius
1480 3522 1691 3604 Fridetici'ani
1722 3530 1771 3597 ia·

523 3633 696 3698 strumenti
721 3633 922 3698 observatum
948 3645 1003 3700 eat·

468 3795 499 3869 e)
525 3785 696 3850 laeditum.
