<?xml version="1.0" encoding="UTF-8"?>
<!DOCTYPE html PUBLIC "-//W3C//DTD XHTML 1.0 Transitional//EN"
    "http://www.w3.org/TR/xhtml1/DTD/xhtml1-transitional.dtd">
<html xmlns="http://www.w3.org/1999/xhtml" xml:lang="en" lang="en">
 <head>
  <title>
</title>
<meta http-equiv="Content-Type" content="text/html;charset=utf-8" />
  <meta name='ocr-system' content='tesseract 3.04.00' />
  <meta name='ocr-capabilities' content='ocr_page ocr_carea ocr_par ocr_line ocrx_word'/>
</head>
<body>
  <div class='ocr_page' id='page_1' title='image "./monumentaboicae22landgoog_0048.png"; bbox 0 0 3870 4718; ppageno 0'>
   <div class='ocr_carea' id='block_1_1' title="bbox 405 285 1393 458">
    <p class='ocr_par' dir='ltr' id='par_1_1' title="bbox 405 285 1393 458">
     <span class='ocr_line' id='line_1_1' title="bbox 405 285 1393 458; baseline -0.008 -44"><span class='ocrx_word' id='word_1_1' title='bbox 405 328 465 414; x_wconf 80' lang='grc'><strong>40</strong></span> <span class='ocrx_word' id='word_1_2' title='bbox 798 285 1053 438; x_wconf 41' lang='lat' dir='ltr'><strong>Diplornete&#39;</strong></span> <span class='ocrx_word' id='word_1_3' title='bbox 1071 315 1393 458; x_wconf 80' lang='lat' dir='ltr'><strong>Imperatorum</strong></span> 
     </span>
    </p>
   </div>
   <div class='ocr_carea' id='block_1_2' title="bbox 320 553 1809 1846">
    <p class='ocr_par' dir='ltr' id='par_1_2' title="bbox 382 553 1772 750">
     <span class='ocr_line' id='line_1_2' title="bbox 382 553 1772 650; baseline 0 -24"><span class='ocrx_word' id='word_1_4' title='bbox 382 555 534 628; x_wconf 85' lang='lat' dir='ltr'><strong>&#39;curare</strong></span> <span class='ocrx_word' id='word_1_5' title='bbox 560 557 745 650; x_wconf 83' lang='lat' dir='ltr'><strong>cupientes</strong></span> <span class='ocrx_word' id='word_1_6' title='bbox 772 555 930 624; x_wconf 86' lang='lat' dir='ltr'><strong>eiusdem</strong></span> <span class='ocrx_word' id='word_1_7' title='bbox 957 553 1084 624; x_wconf 87' lang='lat' dir='ltr'><strong>domus</strong></span> <span class='ocrx_word' id='word_1_8' title='bbox 1110 556 1326 625; x_wconf 70' lang='lat' dir='ltr'><strong>necessitati.</strong></span> <span class='ocrx_word' id='word_1_9' title='bbox 1351 554 1396 623; x_wconf 89' lang='lat' dir='ltr'><strong>de</strong></span> <span class='ocrx_word' id='word_1_10' title='bbox 1427 553 1518 644; x_wconf 86' lang='lat' dir='ltr'><strong>p&#39;ura</strong></span> <span class='ocrx_word' id='word_1_11' title='bbox 1551 555 1772 626; x_wconf 75' lang='lat' dir='ltr'><strong>conscientie</strong></span> 
     </span>
     <span class='ocr_line' id='line_1_3' title="bbox 406 654 1772 750; baseline 0.001 -22"><span class='ocrx_word' id='word_1_12' title='bbox 406 670 514 750; x_wconf 87' lang='lat' dir='ltr'><strong>atque</strong></span> <span class='ocrx_word' id='word_1_13' title='bbox 539 655 583 726; x_wconf 91' lang='lat' dir='ltr'><strong>de</strong></span> <span class='ocrx_word' id='word_1_14' title='bbox 605 679 705 726; x_wconf 84' lang='lat' dir='ltr'><strong>mere</strong></span> <span class='ocrx_word' id='word_1_15' title='bbox 730 654 972 724; x_wconf 87' lang='lat' dir='ltr'><strong>munificentia</strong></span> <span class='ocrx_word' id='word_1_16' title='bbox 998 665 1131 724; x_wconf 88' lang='lat' dir='ltr'><strong>nostra.</strong></span> <span class='ocrx_word' id='word_1_17' title='bbox 1158 655 1204 724; x_wconf 86' lang='lat' dir='ltr'><strong>ed</strong></span> <span class='ocrx_word' id='word_1_18' title='bbox 1228 658 1405 726; x_wconf 75' lang='lat' dir='ltr'><strong>honorem</strong></span> <span class='ocrx_word' id='word_1_19' title='bbox 1431 655 1490 722; x_wconf 89' lang='lat' dir='ltr'><strong>dei</strong></span> <span class='ocrx_word' id='word_1_20' title='bbox 1515 657 1772 747; x_wconf 85' lang='lat' dir='ltr'><strong>omnipotentis</strong></span> 
     </span>
    </p>

    <p class='ocr_par' dir='ltr' id='par_1_3' title="bbox 320 756 1809 1846">
     <span class='ocr_line' id='line_1_4' title="bbox 406 756 1773 852; baseline 0.002 -26.107"><span class='ocrx_word' id='word_1_21' title='bbox 406 776 526 852; x_wconf 82' lang='lat' dir='ltr'><strong>equo</strong></span> <span class='ocrx_word' id='word_1_22' title='bbox 554 767 681 826; x_wconf 82' lang='lat' dir='ltr'><strong>cuncta</strong></span> <span class='ocrx_word' id='word_1_23' title='bbox 705 757 801 825; x_wconf 87' lang='lat' dir='ltr'><strong>bona</strong></span> <span class='ocrx_word' id='word_1_24' title='bbox 826 756 1131 845; x_wconf 85' lang='lat' dir='ltr'><strong>recognoscimus.</strong></span> <span class='ocrx_word' id='word_1_25' title='bbox 1159 765 1195 823; x_wconf 85' lang='lat' dir='ltr'><strong>et</strong></span> <span class='ocrx_word' id='word_1_26' title='bbox 1220 757 1267 824; x_wconf 92' lang='lat' dir='ltr'><strong>nb</strong></span> <span class='ocrx_word' id='word_1_27' title='bbox 1294 756 1535 824; x_wconf 87' lang='lat' dir='ltr'><strong>reuerentiam</strong></span> <span class='ocrx_word' id='word_1_28' title='bbox 1553 756 1634 846; x_wconf 88' lang='lat' dir='ltr'><strong>piae</strong></span> <span class='ocrx_word' id='word_1_29' title='bbox 1649 760 1773 829; x_wconf 71' lang='lat' dir='ltr'><strong>matris</strong></span> 
     </span>
     <span class='ocr_line' id='line_1_5' title="bbox 405 855 1772 958; baseline -0.001 -30"><span class='ocrx_word' id='word_1_30' title='bbox 405 859 482 928; x_wconf 84' lang='lat' dir='ltr'><strong>siue</strong></span> <span class='ocrx_word' id='word_1_31' title='bbox 508 867 703 948; x_wconf 71' lang='lat' dir='ltr'><strong>perpetuae</strong></span> <span class='ocrx_word' id='word_1_32' title='bbox 737 855 889 947; x_wconf 81' lang='lat' dir='ltr'><strong>uirginis</strong></span> <span class='ocrx_word' id='word_1_33' title='bbox 915 855 1038 923; x_wconf 81' lang='lat' dir='ltr'><strong>Mario</strong></span> <span class='ocrx_word' id='word_1_34' title='bbox 1067 855 1246 958; x_wconf 75' lang='lat' dir='ltr'><strong>donemus</strong></span> <span class='ocrx_word' id='word_1_35' title='bbox 1272 866 1308 926; x_wconf 90' lang='lat' dir='ltr'><strong>et</strong></span> <span class='ocrx_word' id='word_1_36' title='bbox 1335 855 1510 924; x_wconf 89' lang='lat' dir='ltr'><strong>tradimus</strong></span> <span class='ocrx_word' id='word_1_37' title='bbox 1536 866 1643 949; x_wconf 88' lang='lat' dir='ltr'><strong>atque</strong></span> <span class='ocrx_word' id='word_1_38' title='bbox 1667 856 1772 949; x_wconf 78' lang='lat' dir='ltr'><strong>largi-</strong></span> 
     </span>
     <span class='ocr_line' id='line_1_6' title="bbox 320 951 1771 1047; baseline 0.001 -21"><span class='ocrx_word' id='word_1_39' title='bbox 320 1037 327 1046; x_wconf 45' lang='lat'><em>,</em></span> <span class='ocrx_word' id='word_1_40' title='bbox 405 979 488 1027; x_wconf 88' lang='lat' dir='ltr'><strong>mur</strong></span> <span class='ocrx_word' id='word_1_41' title='bbox 513 967 710 1026; x_wconf 89' lang='lat' dir='ltr'><strong>memorate</strong></span> <span class='ocrx_word' id='word_1_42' title='bbox 735 955 860 1025; x_wconf 92' lang='lat' dir='ltr'><strong>domui</strong></span> <span class='ocrx_word' id='word_1_43' title='bbox 886 951 1013 1022; x_wconf 85' lang='lat' dir='ltr'><strong>militie</strong></span> <span class='ocrx_word' id='word_1_44' title='bbox 1041 964 1077 1023; x_wconf 88' lang='lat' dir='ltr'><strong>et</strong></span> <span class='ocrx_word' id='word_1_45' title='bbox 1110 951 1263 1022; x_wconf 82' lang='lat' dir='ltr'><strong>fratrum</strong></span> <span class='ocrx_word' id='word_1_46' title='bbox 1297 955 1562 1026; x_wconf 75' lang='lat' dir='ltr'><strong>tentonicorum</strong></span> <span class='ocrx_word' id='word_1_47' title='bbox 1589 957 1771 1047; x_wconf 77' lang='lat' dir='ltr'><strong>Capellam</strong></span> 
     </span>
     <span class='ocr_line' id='line_1_7' title="bbox 404 1055 1771 1144; baseline -0.001 -18"><span class='ocrx_word' id='word_1_48' title='bbox 404 1058 513 1127; x_wconf 84' lang='lat' dir='ltr'><strong>castri</strong></span> <span class='ocrx_word' id='word_1_49' title='bbox 537 1059 575 1125; x_wconf 91' lang='lat' dir='ltr'><strong>in</strong></span> <span class='ocrx_word' id='word_1_50' title='bbox 600 1056 882 1126; x_wconf 89' lang='lat' dir='ltr'><strong>Nvorembereh.</strong></span> <span class='ocrx_word' id='word_1_51' title='bbox 912 1077 1020 1144; x_wconf 88' lang='lat' dir='ltr'><strong>quam</strong></span> <span class='ocrx_word' id='word_1_52' title='bbox 1045 1075 1139 1122; x_wconf 88' lang='lat' dir='ltr'><strong>nunc</strong></span> <span class='ocrx_word' id='word_1_53' title='bbox 1166 1076 1212 1122; x_wconf 83' lang='lat' dir='ltr'><strong>ex</strong></span> <span class='ocrx_word' id='word_1_54' title='bbox 1237 1055 1432 1124; x_wconf 71' lang='lat' dir='ltr'><strong>donatione</strong></span> <span class='ocrx_word' id='word_1_55' title='bbox 1457 1066 1582 1124; x_wconf 85' lang='lat' dir='ltr'><strong>nostre</strong></span> <span class='ocrx_word' id='word_1_56' title='bbox 1607 1061 1706 1124; x_wconf 84' lang='lat' dir='ltr'><strong>tenet</strong></span> <span class='ocrx_word' id='word_1_57' title='bbox 1735 1069 1771 1126; x_wconf 86' lang='lat' dir='ltr'><strong>et</strong></span> 
     </span>
     <span class='ocr_line' id='line_1_8' title="bbox 402 1154 1771 1248; baseline -0.001 -21"><span class='ocrx_word' id='word_1_58' title='bbox 402 1155 573 1248; x_wconf 74' lang='lat' dir='ltr'><strong>possidet.</strong></span> <span class='ocrx_word' id='word_1_59' title='bbox 600 1155 837 1224; x_wconf 75' lang='lat' dir='ltr'><strong>chuonradus</strong></span> <span class='ocrx_word' id='word_1_60' title='bbox 865 1154 1018 1221; x_wconf 88' lang='lat' dir='ltr'><strong>clericus</strong></span> <span class='ocrx_word' id='word_1_61' title='bbox 1044 1163 1167 1224; x_wconf 86' lang='lat' dir='ltr'><strong>noster</strong></span> <span class='ocrx_word' id='word_1_62' title='bbox 1193 1174 1410 1242; x_wconf 78' lang='lat' dir='ltr'><strong>cognomine</strong></span> <span class='ocrx_word' id='word_1_63' title='bbox 1424 1155 1635 1246; x_wconf 81' lang='lat' dir='ltr'><strong>Episcopus</strong></span> <span class='ocrx_word' id='word_1_64' title='bbox 1664 1177 1707 1225; x_wconf 88' lang='lat' dir='ltr'><strong>en</strong></span> <span class='ocrx_word' id='word_1_65' title='bbox 1722 1167 1771 1225; x_wconf 87' lang='lat' dir='ltr'><strong>ta</strong></span> 
     </span>
     <span class='ocr_line' id='line_1_9' title="bbox 402 1251 1774 1358; baseline -0.001 -32"><span class='ocrx_word' id='word_1_66' title='bbox 402 1279 485 1326; x_wconf 89' lang='lat' dir='ltr'><strong>men</strong></span> <span class='ocrx_word' id='word_1_67' title='bbox 518 1253 627 1324; x_wconf 90' lang='lat' dir='ltr'><strong>modo</strong></span> <span class='ocrx_word' id='word_1_68' title='bbox 660 1253 810 1323; x_wconf 77' lang='lat' dir='ltr'><strong>fecimus</strong></span> <span class='ocrx_word' id='word_1_69' title='bbox 839 1253 1004 1344; x_wconf 83' lang='lat' dir='ltr'><strong>predicte</strong></span> <span class='ocrx_word' id='word_1_70' title='bbox 1031 1251 1154 1322; x_wconf 91' lang='lat' dir='ltr'><strong>domui</strong></span> <span class='ocrx_word' id='word_1_71' title='bbox 1180 1255 1273 1320; x_wconf 88' lang='lat' dir='ltr'><strong>hane</strong></span> <span class='ocrx_word' id='word_1_72' title='bbox 1300 1254 1541 1323; x_wconf 72' lang='lat' dir='ltr'><strong>donationem.</strong></span> <span class='ocrx_word' id='word_1_73' title='bbox 1569 1254 1666 1358; x_wconf 82' lang='lat' dir='ltr'><strong>quod</strong></span> <span class='ocrx_word' id='word_1_74' title='bbox 1690 1267 1774 1348; x_wconf 82' lang='lat' dir='ltr'><strong>post</strong></span> 
     </span>
     <span class='ocr_line' id='line_1_10' title="bbox 404 1349 1770 1471; baseline -0.001 -45"><span class='ocrx_word' id='word_1_75' title='bbox 404 1359 544 1426; x_wconf 89' lang='lat' dir='ltr'><strong>obitum</strong></span> <span class='ocrx_word' id='word_1_76' title='bbox 575 1353 707 1447; x_wconf 85' lang='lat' dir='ltr'><strong>prefati</strong></span> <span class='ocrx_word' id='word_1_77' title='bbox 733 1353 918 1422; x_wconf 72' lang='lat' dir='ltr'><strong>chunradi</strong></span> <span class='ocrx_word' id='word_1_78' title='bbox 952 1349 1075 1424; x_wconf 88' lang='lat' dir='ltr'><strong>clerici</strong></span> <span class='ocrx_word' id='word_1_79' title='bbox 1108 1361 1144 1420; x_wconf 90' lang='lat' dir='ltr'><strong>et</strong></span> <span class='ocrx_word' id='word_1_80' title='bbox 1168 1355 1344 1445; x_wconf 86' lang='lat' dir='ltr'><strong>capellani</strong></span> <span class='ocrx_word' id='word_1_81' title='bbox 1369 1355 1527 1422; x_wconf 86' lang='lat' dir='ltr'><strong>eiusdem</strong></span> <span class='ocrx_word' id='word_1_82' title='bbox 1553 1357 1690 1471; x_wconf 77' lang='lat' dir='ltr'><strong>capelle</strong></span> <span class='ocrx_word' id='word_1_83' title='bbox 1716 1378 1770 1425; x_wconf 87' lang='lat' dir='ltr'><strong>ee·</strong></span> 
     </span>
     <span class='ocr_line' id='line_1_11' title="bbox 402 1453 1809 1572; baseline -0.001 -47"><span class='ocrx_word' id='word_1_84' title='bbox 402 1457 545 1572; x_wconf 87' lang='lat' dir='ltr'><strong>pedicte</strong></span> <span class='ocrx_word' id='word_1_85' title='bbox 570 1454 696 1524; x_wconf 88' lang='lat' dir='ltr'><strong>domus</strong></span> <span class='ocrx_word' id='word_1_86' title='bbox 720 1453 986 1523; x_wconf 83' lang='lat' dir='ltr'><strong>tentonicorum</strong></span> <span class='ocrx_word' id='word_1_87' title='bbox 1012 1453 1141 1520; x_wconf 83' lang='lat' dir='ltr'><strong>hebeat</strong></span> <span class='ocrx_word' id='word_1_88' title='bbox 1167 1462 1203 1521; x_wconf 89' lang='lat' dir='ltr'><strong>et</strong></span> <span class='ocrx_word' id='word_1_89' title='bbox 1229 1463 1348 1524; x_wconf 85' lang='lat' dir='ltr'><strong>teneat</strong></span> <span class='ocrx_word' id='word_1_90' title='bbox 1373 1454 1573 1545; x_wconf 85' lang='lat' dir='ltr'><strong>capellam</strong></span> <span class='ocrx_word' id='word_1_91' title='bbox 1563 1478 1678 1547; x_wconf 86' lang='lat' dir='ltr'><strong>rpeam</strong></span> <span class='ocrx_word' id='word_1_92' title='bbox 1696 1467 1769 1524; x_wconf 85' lang='lat' dir='ltr'><strong>tam</strong></span> <span class='ocrx_word' id='word_1_93' title='bbox 1803 1460 1809 1469; x_wconf 78' lang='grc'><strong>“</strong></span> 
     </span>
     <span class='ocr_line' id='line_1_12' title="bbox 324 1553 1770 1645; baseline 0.001 -23"><span class='ocrx_word' id='word_1_94' title='bbox 324 1633 330 1640; x_wconf 44' lang='grc'><strong>,</strong></span> <span class='ocrx_word' id='word_1_95' title='bbox 401 1559 439 1625; x_wconf 89' lang='lat' dir='ltr'><strong>in</strong></span> <span class='ocrx_word' id='word_1_96' title='bbox 465 1555 716 1625; x_wconf 88' lang='lat' dir='ltr'><strong>ecclesiasticis</strong></span> <span class='ocrx_word' id='word_1_97' title='bbox 742 1576 850 1645; x_wconf 88' lang='lat' dir='ltr'><strong>quam</strong></span> <span class='ocrx_word' id='word_1_98' title='bbox 876 1553 913 1619; x_wconf 93' lang='lat' dir='ltr'><strong>in</strong></span> <span class='ocrx_word' id='word_1_99' title='bbox 939 1553 1198 1643; x_wconf 70' lang='lat' dir='ltr'><strong>temporalibus</strong></span> <span class='ocrx_word' id='word_1_100' title='bbox 1224 1553 1269 1621; x_wconf 94' lang='lat' dir='ltr'><strong>ad</strong></span> <span class='ocrx_word' id='word_1_101' title='bbox 1296 1576 1379 1624; x_wconf 81' lang='lat' dir='ltr'><strong>suos</strong></span> <span class='ocrx_word' id='word_1_102' title='bbox 1407 1565 1442 1623; x_wconf 85' lang='lat' dir='ltr'><strong>et</strong></span> <span class='ocrx_word' id='word_1_103' title='bbox 1461 1555 1588 1623; x_wconf 87' lang='lat' dir='ltr'><strong>domus</strong></span> <span class='ocrx_word' id='word_1_104' title='bbox 1604 1577 1667 1624; x_wconf 87' lang='lat' dir='ltr'><strong>sue</strong></span> <span class='ocrx_word' id='word_1_105' title='bbox 1685 1579 1770 1624; x_wconf 87' lang='lat' dir='ltr'><strong>osus</strong></span> 
     </span>
     <span class='ocr_line' id='line_1_13' title="bbox 403 1651 1771 1748; baseline -0.001 -24"><span class='ocrx_word' id='word_1_106' title='bbox 403 1678 448 1724; x_wconf 86' lang='lat' dir='ltr'><strong>ex</strong></span> <span class='ocrx_word' id='word_1_107' title='bbox 472 1665 595 1724; x_wconf 84' lang='lat' dir='ltr'><strong>nostra</strong></span> <span class='ocrx_word' id='word_1_108' title='bbox 620 1655 723 1744; x_wconf 85' lang='lat' dir='ltr'><strong>regia</strong></span> <span class='ocrx_word' id='word_1_109' title='bbox 747 1653 942 1722; x_wconf 87' lang='lat' dir='ltr'><strong>donatione</strong></span> <span class='ocrx_word' id='word_1_110' title='bbox 969 1660 1004 1719; x_wconf 89' lang='lat' dir='ltr'><strong>et</strong></span> <span class='ocrx_word' id='word_1_111' title='bbox 1029 1651 1313 1723; x_wconf 77' lang='lat' dir='ltr'><strong>confirmatione.</strong></span> <span class='ocrx_word' id='word_1_112' title='bbox 1343 1654 1460 1745; x_wconf 86' lang='lat' dir='ltr'><strong>Super</strong></span> <span class='ocrx_word' id='word_1_113' title='bbox 1485 1677 1557 1748; x_wconf 91' lang='lat' dir='ltr'><strong>quo</strong></span> <span class='ocrx_word' id='word_1_114' title='bbox 1577 1658 1646 1723; x_wconf 87' lang='lat' dir='ltr'><strong>hoo</strong></span> <span class='ocrx_word' id='word_1_115' title='bbox 1662 1656 1771 1746; x_wconf 89' lang='lat' dir='ltr'><strong>scrip·</strong></span> 
     </span>
     <span class='ocr_line' id='line_1_14' title="bbox 403 1751 1771 1846; baseline -0.001 -24"><span class='ocrx_word' id='word_1_116' title='bbox 403 1766 477 1823; x_wconf 88' lang='lat' dir='ltr'><strong>tum</strong></span> <span class='ocrx_word' id='word_1_117' title='bbox 504 1755 575 1846; x_wconf 82' lang='lat' dir='ltr'><strong>ipsi</strong></span> <span class='ocrx_word' id='word_1_118' title='bbox 600 1753 723 1822; x_wconf 90' lang='lat' dir='ltr'><strong>domui</strong></span> <span class='ocrx_word' id='word_1_119' title='bbox 750 1754 828 1821; x_wconf 86' lang='lat' dir='ltr'><strong>fieri</strong></span> <span class='ocrx_word' id='word_1_120' title='bbox 853 1753 1021 1820; x_wconf 80' lang='lat' dir='ltr'><strong>iussimus</strong></span> <span class='ocrx_word' id='word_1_121' title='bbox 1047 1751 1169 1844; x_wconf 82' lang='lat' dir='ltr'><strong>sigillo</strong></span> <span class='ocrx_word' id='word_1_122' title='bbox 1195 1754 1389 1822; x_wconf 79' lang='lat' dir='ltr'><strong>maiestatis</strong></span> <span class='ocrx_word' id='word_1_123' title='bbox 1415 1763 1538 1824; x_wconf 86' lang='lat' dir='ltr'><strong>nostre</strong></span> <span class='ocrx_word' id='word_1_124' title='bbox 1575 1756 1771 1824; x_wconf 89' lang='lat' dir='ltr'><strong>communi·</strong></span> 
     </span>
    </p>
   </div>
   <div class='ocr_carea' id='block_1_3' title="bbox 259 1851 1771 1944">
    <p class='ocr_par' dir='ltr' id='par_1_4' title="bbox 259 1851 1771 1944">
     <span class='ocr_line' id='line_1_15' title="bbox 259 1851 1771 1944; baseline 0.001 -22"><span class='ocrx_word' id='word_1_125' title='bbox 259 1854 270 1870; x_wconf 62' lang='lat'>⁸</span> <span class='ocrx_word' id='word_1_126' title='bbox 402 1866 490 1924; x_wconf 88' lang='lat' dir='ltr'><strong>tum.</strong></span> <span class='ocrx_word' id='word_1_127' title='bbox 541 1855 655 1923; x_wconf 89' lang='lat' dir='ltr'><strong>Huius</strong></span> <span class='ocrx_word' id='word_1_128' title='bbox 681 1853 736 1921; x_wconf 89' lang='lat' dir='ltr'><strong>rei</strong></span> <span class='ocrx_word' id='word_1_129' title='bbox 761 1863 869 1922; x_wconf 85' lang='lat' dir='ltr'><strong>testes</strong></span> <span class='ocrx_word' id='word_1_130' title='bbox 896 1860 979 1920; x_wconf 87' lang='lat' dir='ltr'><strong>sunt</strong></span> <span class='ocrx_word' id='word_1_131' title='bbox 992 1851 1227 1921; x_wconf 82' lang='lat' dir='ltr'><strong>chuonradus</strong></span> <span class='ocrx_word' id='word_1_132' title='bbox 1242 1856 1412 1924; x_wconf 77' lang='lat' dir='ltr'><strong>Metennio</strong></span> <span class='ocrx_word' id='word_1_133' title='bbox 1430 1863 1466 1924; x_wconf 89' lang='lat' dir='ltr'><strong>et</strong></span> <span class='ocrx_word' id='word_1_134' title='bbox 1480 1852 1771 1944; x_wconf 82' lang='lat' dir='ltr'><strong>SpirensieEpis·</strong></span> 
     </span>
    </p>
   </div>
   <div class='ocr_carea' id='block_1_4' title="bbox 325 1952 1771 2351">
    <p class='ocr_par' dir='ltr' id='par_1_5' title="bbox 325 1952 1771 2351">
     <span class='ocr_line' id='line_1_16' title="bbox 402 1952 1771 2046; baseline -0.001 -23"><span class='ocrx_word' id='word_1_135' title='bbox 402 1973 513 2046; x_wconf 85' lang='lat' dir='ltr'><strong>oopus</strong></span> <span class='ocrx_word' id='word_1_136' title='bbox 540 1953 739 2044; x_wconf 84' lang='lat' dir='ltr'><strong>lmperielis</strong></span> <span class='ocrx_word' id='word_1_137' title='bbox 765 1955 847 2021; x_wconf 87' lang='lat' dir='ltr'><strong>aule</strong></span> <span class='ocrx_word' id='word_1_138' title='bbox 873 1952 1126 2020; x_wconf 87' lang='lat' dir='ltr'><strong>Cancellarius.</strong></span> <span class='ocrx_word' id='word_1_139' title='bbox 1155 1953 1381 2023; x_wconf 83' lang='lat' dir='ltr'><strong>Hermuuuue</strong></span> <span class='ocrx_word' id='word_1_140' title='bbox 1408 1955 1629 2022; x_wconf 85' lang='lat' dir='ltr'><strong>Marcrauius</strong></span> <span class='ocrx_word' id='word_1_141' title='bbox 1646 1953 1689 2023; x_wconf 91' lang='lat' dir='ltr'><strong>de</strong></span> <span class='ocrx_word' id='word_1_142' title='bbox 1707 1955 1771 2022; x_wconf 88' lang='lat' dir='ltr'><strong>Ba·</strong></span> 
     </span>
     <span class='ocr_line' id='line_1_17' title="bbox 402 2051 1769 2124; baseline -0.002 0"><span class='ocrx_word' id='word_1_143' title='bbox 402 2057 483 2124; x_wconf 91' lang='lat' dir='ltr'><strong>den.</strong></span> <span class='ocrx_word' id='word_1_144' title='bbox 510 2053 639 2122; x_wconf 84' lang='lat' dir='ltr'><strong>Comes</strong></span> <span class='ocrx_word' id='word_1_145' title='bbox 666 2051 850 2121; x_wconf 87' lang='lat' dir='ltr'><strong>Gerardus</strong></span> <span class='ocrx_word' id='word_1_146' title='bbox 875 2051 919 2120; x_wconf 91' lang='lat' dir='ltr'><strong>de</strong></span> <span class='ocrx_word' id='word_1_147' title='bbox 944 2052 1055 2120; x_wconf 79' lang='lat' dir='ltr'><strong>Diels.</strong></span> <span class='ocrx_word' id='word_1_148' title='bbox 1088 2051 1319 2121; x_wconf 85' lang='lat' dir='ltr'><strong>Eberhardus</strong></span> <span class='ocrx_word' id='word_1_149' title='bbox 1345 2053 1389 2120; x_wconf 92' lang='lat' dir='ltr'><strong>de</strong></span> <span class='ocrx_word' id='word_1_150' title='bbox 1413 2053 1769 2122; x_wconf 81' lang='lat' dir='ltr'><strong>Eberetein.·Alber·</strong></span> 
     </span>
     <span class='ocr_line' id='line_1_18' title="bbox 325 2148 1766 2245; baseline -0.001 -21"><span class='ocrx_word' id='word_1_151' title='bbox 325 2153 331 2160; x_wconf 79' lang='grc'><em>’</em></span> <span class='ocrx_word' id='word_1_152' title='bbox 401 2165 461 2226; x_wconf 86' lang='lat' dir='ltr'><strong>tue</strong></span> <span class='ocrx_word' id='word_1_153' title='bbox 486 2153 730 2223; x_wconf 83' lang='lat' dir='ltr'><strong>Rindeamule.</strong></span> <span class='ocrx_word' id='word_1_154' title='bbox 790 2148 1013 2240; x_wconf 83' lang='lat' dir='ltr'><strong>Ph(ilippuc)</strong></span> <span class='ocrx_word' id='word_1_155' title='bbox 1047 2150 1091 2219; x_wconf 91' lang='lat' dir='ltr'><strong>de</strong></span> <span class='ocrx_word' id='word_1_156' title='bbox 1123 2151 1328 2222; x_wconf 86' lang='lat' dir='ltr'><strong>bonlandia.</strong></span> <span class='ocrx_word' id='word_1_157' title='bbox 1359 2153 1597 2245; x_wconf 85' lang='lat' dir='ltr'><strong>Marquardus</strong></span> <span class='ocrx_word' id='word_1_158' title='bbox 1624 2151 1667 2224; x_wconf 90' lang='lat' dir='ltr'><strong>de</strong></span> <span class='ocrx_word' id='word_1_159' title='bbox 1694 2175 1766 2224; x_wconf 85' lang='lat' dir='ltr'><strong>wa·</strong></span> 
     </span>
     <span class='ocr_line' id='line_1_19' title="bbox 401 2253 961 2351; baseline -0.014 -25"><span class='ocrx_word' id='word_1_160' title='bbox 401 2275 520 2351; x_wconf 72' lang='lat' dir='ltr'><strong>gnere.</strong></span> <span class='ocrx_word' id='word_1_161' title='bbox 548 2253 666 2322; x_wconf 90' lang='lat' dir='ltr'><strong>etalii</strong></span> <span class='ocrx_word' id='word_1_162' title='bbox 694 2273 800 2345; x_wconf 87' lang='lat' dir='ltr'><strong>quam</strong></span> <span class='ocrx_word' id='word_1_163' title='bbox 827 2254 961 2344; x_wconf 81' lang='lat' dir='ltr'><strong>plures.</strong></span> 
     </span>
    </p>
   </div>
   <div class='ocr_carea' id='block_1_5' title="bbox 399 2405 1769 2609">
    <p class='ocr_par' dir='ltr' id='par_1_6' title="bbox 399 2405 1769 2609">
     <span class='ocr_line' id='line_1_20' title="bbox 500 2405 1769 2496; baseline 0.001 -22"><span class='ocrx_word' id='word_1_164' title='bbox 500 2407 579 2477; x_wconf 87' lang='lat' dir='ltr'><strong>Dat.</strong></span> <span class='ocrx_word' id='word_1_165' title='bbox 604 2407 837 2496; x_wconf 82' lang='lat' dir='ltr'><strong>Hegenowie.</strong></span> <span class='ocrx_word' id='word_1_166' title='bbox 868 2409 971 2476; x_wconf 78' lang='lat' dir='ltr'><strong>Anno</strong></span> <span class='ocrx_word' id='word_1_167' title='bbox 996 2405 1132 2474; x_wconf 80' lang='lat' dir='ltr'><strong>domini</strong></span> <span class='ocrx_word' id='word_1_168' title='bbox 1157 2409 1350 2480; x_wconf 84' lang='lat' dir='ltr'><strong>Millesimn</strong></span> <span class='ocrx_word' id='word_1_169' title='bbox 1384 2405 1521 2477; x_wconf 86' lang='lat' dir='ltr'><strong>CCXV.</strong></span> <span class='ocrx_word' id='word_1_170' title='bbox 1557 2407 1678 2476; x_wconf 83' lang='lat' dir='ltr'><strong>Tertio</strong></span> <span class='ocrx_word' id='word_1_171' title='bbox 1704 2407 1769 2475; x_wconf 81' lang='lat' dir='ltr'><strong>lla·</strong></span> 
     </span>
     <span class='ocr_line' id='line_1_21' title="bbox 399 2504 1175 2609; baseline 0.001 -35"><span class='ocrx_word' id='word_1_172' title='bbox 399 2505 524 2580; x_wconf 83' lang='lat' dir='ltr'><strong>lendes</strong></span> <span class='ocrx_word' id='word_1_173' title='bbox 550 2504 749 2609; x_wconf 83' lang='lat' dir='ltr'><strong>Februarii.</strong></span> <span class='ocrx_word' id='word_1_174' title='bbox 775 2505 983 2578; x_wconf 86' lang='lat' dir='ltr'><strong>Indictionis</strong></span> <span class='ocrx_word' id='word_1_175' title='bbox 1010 2507 1175 2603; x_wconf 82' lang='lat' dir='ltr'><strong>Quartae.</strong></span> 
     </span>
    </p>
   </div>
   <div class='ocr_carea' id='block_1_6' title="bbox 467 2731 1768 3016">
    <p class='ocr_par' dir='ltr' id='par_1_7' title="bbox 467 2731 1768 3016">
     <span class='ocr_line' id='line_1_22' title="bbox 467 2731 1768 2840; baseline -0.001 -25"><span class='ocrx_word' id='word_1_176' title='bbox 467 2759 500 2834; x_wconf 80' lang='lat' dir='ltr'><strong>o)</strong></span> <span class='ocrx_word' id='word_1_177' title='bbox 527 2751 697 2839; x_wconf 78' lang='lat' dir='ltr'><strong>Sigillum,</strong></span> <span class='ocrx_word' id='word_1_178' title='bbox 729 2755 766 2815; x_wconf 89' lang='lat' dir='ltr'><strong>in</strong></span> <span class='ocrx_word' id='word_1_179' title='bbox 793 2773 848 2818; x_wconf 80' lang='lat' dir='ltr'><strong>oro</strong></span> <span class='ocrx_word' id='word_1_180' title='bbox 871 2731 1033 2837; x_wconf 74' lang='lat' dir='ltr'><strong>paulisper</strong></span> <span class='ocrx_word' id='word_1_181' title='bbox 1057 2749 1201 2828; x_wconf 82' lang='lat' dir='ltr'><strong>laesum,</strong></span> <span class='ocrx_word' id='word_1_182' title='bbox 1239 2761 1380 2815; x_wconf 73' lang='lat' dir='ltr'><strong>ettamen</strong></span> <span class='ocrx_word' id='word_1_183' title='bbox 1403 2751 1565 2840; x_wconf 79' lang='lat' dir='ltr'><strong>integrum</strong></span> <span class='ocrx_word' id='word_1_184' title='bbox 1593 2763 1624 2816; x_wconf 88' lang='lat' dir='ltr'><strong>et</strong></span> <span class='ocrx_word' id='word_1_185' title='bbox 1650 2753 1768 2834; x_wconf 85' lang='lat' dir='ltr'><strong>optime</strong></span> 
     </span>
     <span class='ocr_line' id='line_1_23' title="bbox 526 2849 1768 2937; baseline -0.001 -22"><span class='ocrx_word' id='word_1_186' title='bbox 526 2873 730 2935; x_wconf 75' lang='lat' dir='ltr'><strong>expressum,</strong></span> <span class='ocrx_word' id='word_1_187' title='bbox 765 2854 921 2934; x_wconf 85' lang='lat' dir='ltr'><strong>appendet</strong></span> <span class='ocrx_word' id='word_1_188' title='bbox 955 2873 995 2916; x_wconf 82' lang='lat' dir='ltr'><strong>cx</strong></span> <span class='ocrx_word' id='word_1_189' title='bbox 1027 2851 1228 2937; x_wconf 80' lang='lat' dir='ltr'><strong>quadruplici</strong></span> <span class='ocrx_word' id='word_1_190' title='bbox 1261 2851 1427 2931; x_wconf 86' lang='lat' dir='ltr'><strong>funiculo,</strong></span> <span class='ocrx_word' id='word_1_191' title='bbox 1467 2865 1612 2918; x_wconf 84' lang='lat' dir='ltr'><strong>contexto</strong></span> <span class='ocrx_word' id='word_1_192' title='bbox 1639 2873 1678 2916; x_wconf 84' lang='lat' dir='ltr'><strong>ex</strong></span> <span class='ocrx_word' id='word_1_193' title='bbox 1704 2849 1768 2914; x_wconf 80' lang='lat' dir='ltr'><strong>iilic</strong></span> 
     </span>
     <span class='ocr_line' id='line_1_24' title="bbox 524 2951 1053 3016; baseline -0.004 0"><span class='ocrx_word' id='word_1_194' title='bbox 524 2952 633 3016; x_wconf 83' lang='lat' dir='ltr'><strong>sericis</strong></span> <span class='ocrx_word' id='word_1_195' title='bbox 660 2951 751 3013; x_wconf 83' lang='lat' dir='ltr'><strong>rubri</strong></span> <span class='ocrx_word' id='word_1_196' title='bbox 777 2963 806 3014; x_wconf 85' lang='lat' dir='ltr'><strong>et</strong></span> <span class='ocrx_word' id='word_1_197' title='bbox 830 2952 904 3014; x_wconf 83' lang='lat' dir='ltr'><strong>fleri</strong></span> <span class='ocrx_word' id='word_1_198' title='bbox 928 2953 1053 3016; x_wconf 78' lang='lat' dir='ltr'><strong>coloris.</strong></span> 
     </span>
    </p>
   </div>
   <div class='ocr_carea' id='block_1_7' title="bbox 474 3101 1769 3590">
    <p class='ocr_par' dir='ltr' id='par_1_8' title="bbox 474 3101 1769 3590">
     <span class='ocr_line' id='line_1_25' title="bbox 474 3101 1769 3190; baseline 0.005 -27"><span class='ocrx_word' id='word_1_199' title='bbox 474 3101 503 3182; x_wconf 79' lang='lat' dir='ltr'><strong>l)</strong></span> <span class='ocrx_word' id='word_1_200' title='bbox 527 3101 666 3167; x_wconf 86' lang='lat' dir='ltr'><strong>Indictio</strong></span> <span class='ocrx_word' id='word_1_201' title='bbox 693 3115 798 3168; x_wconf 74' lang='lat' dir='ltr'><strong>notate</strong></span> <span class='ocrx_word' id='word_1_202' title='bbox 822 3108 991 3190; x_wconf 74' lang='lat' dir='ltr'><strong>respondet</strong></span> <span class='ocrx_word' id='word_1_203' title='bbox 1017 3127 1104 3170; x_wconf 81' lang='lat' dir='ltr'><strong>enno</strong></span> <span class='ocrx_word' id='word_1_204' title='bbox 1131 3107 1207 3169; x_wconf 80' lang='lat' dir='ltr'><strong>Chr.</strong></span> <span class='ocrx_word' id='word_1_205' title='bbox 1239 3103 1336 3179; x_wconf 80' lang='lat'>1216;</span> <span class='ocrx_word' id='word_1_206' title='bbox 1369 3121 1473 3162; x_wconf 74' lang='lat' dir='ltr'><strong>onnus</strong></span> <span class='ocrx_word' id='word_1_207' title='bbox 1500 3121 1574 3188; x_wconf 77' lang='lat' dir='ltr'><strong>ergo</strong></span> <span class='ocrx_word' id='word_1_208' title='bbox 1602 3123 1769 3186; x_wconf 77' lang='lat' dir='ltr'><strong>expressus</strong></span> 
     </span>
     <span class='ocr_line' id='line_1_26' title="bbox 533 3203 1769 3288; baseline 0.002 -24"><span class='ocrx_word' id='word_1_209' title='bbox 533 3213 613 3268; x_wconf 80' lang='lat'>1215</span> <span class='ocrx_word' id='word_1_210' title='bbox 639 3223 679 3266; x_wconf 81' lang='lat' dir='ltr'><strong>ex</strong></span> <span class='ocrx_word' id='word_1_211' title='bbox 703 3205 822 3269; x_wconf 86' lang='lat' dir='ltr'><strong>celculo</strong></span> <span class='ocrx_word' id='word_1_212' title='bbox 847 3208 980 3281; x_wconf 80' lang='lat' dir='ltr'><strong>ltnlico,</strong></span> <span class='ocrx_word' id='word_1_213' title='bbox 1008 3207 1092 3269; x_wconf 87' lang='lat' dir='ltr'><strong>dicto</strong></span> <span class='ocrx_word' id='word_1_214' title='bbox 1112 3205 1317 3278; x_wconf 79' lang='lat' dir='ltr'><strong>Florentino,</strong></span> <span class='ocrx_word' id='word_1_215' title='bbox 1345 3203 1507 3264; x_wconf 78' lang='lat' dir='ltr'><strong>desumus</strong></span> <span class='ocrx_word' id='word_1_216' title='bbox 1534 3215 1599 3280; x_wconf 85' lang='lat' dir='ltr'><strong>est,</strong></span> <span class='ocrx_word' id='word_1_217' title='bbox 1627 3205 1682 3288; x_wconf 85' lang='lat' dir='ltr'><strong>qui</strong></span> <span class='ocrx_word' id='word_1_218' title='bbox 1707 3203 1769 3268; x_wconf 91' lang='lat' dir='ltr'><strong>ini·</strong></span> 
     </span>
     <span class='ocr_line' id='line_1_27' title="bbox 526 3299 1768 3388; baseline 0.004 -25"><span class='ocrx_word' id='word_1_219' title='bbox 526 3299 610 3363; x_wconf 88' lang='lat' dir='ltr'><strong>tium</strong></span> <span class='ocrx_word' id='word_1_220' title='bbox 635 3301 714 3363; x_wconf 84' lang='lat' dir='ltr'><strong>anni</strong></span> <span class='ocrx_word' id='word_1_221' title='bbox 738 3307 788 3368; x_wconf 90' lang='lat' dir='ltr'><strong>die</strong></span> <span class='ocrx_word' id='word_1_222' title='bbox 815 3317 867 3373; x_wconf 82' lang='lat'><strong>25.</strong></span> <span class='ocrx_word' id='word_1_223' title='bbox 884 3305 1007 3368; x_wconf 81' lang='lat' dir='ltr'><strong>Martii</strong></span> <span class='ocrx_word' id='word_1_224' title='bbox 1032 3305 1211 3388; x_wconf 83' lang='lat' dir='ltr'><strong>incipiens,</strong></span> <span class='ocrx_word' id='word_1_225' title='bbox 1239 3302 1340 3365; x_wconf 86' lang='lat' dir='ltr'><strong>tribua</strong></span> <span class='ocrx_word' id='word_1_226' title='bbox 1367 3299 1530 3364; x_wconf 82' lang='lat' dir='ltr'><strong>mensibus</strong></span> <span class='ocrx_word' id='word_1_227' title='bbox 1550 3306 1768 3384; x_wconf 73' lang='lat' dir='ltr'><strong>procrastinat.</strong></span> 
     </span>
     <span class='ocr_line' id='line_1_28' title="bbox 529 3398 1768 3525; baseline -0.002 -62"><span class='ocrx_word' id='word_1_228' title='bbox 529 3398 592 3463; x_wconf 78' lang='lat' dir='ltr'><strong>nfr.</strong></span> <span class='ocrx_word' id='word_1_229' title='bbox 620 3403 658 3464; x_wconf 89' lang='lat' dir='ltr'><strong>de</strong></span> <span class='ocrx_word' id='word_1_230' title='bbox 683 3403 775 3492; x_wconf 75' lang='lat' dir='ltr'><strong>Lsng</strong></span> <span class='ocrx_word' id='word_1_231' title='bbox 800 3405 1053 3470; x_wconf 82' lang='lat' dir='ltr'><strong>Sendschreiben</strong></span> <span class='ocrx_word' id='word_1_232' title='bbox 1079 3425 1122 3468; x_wconf 85' lang='lat' dir='ltr'><strong>an</strong></span> <span class='ocrx_word' id='word_1_233' title='bbox 1149 3405 1209 3466; x_wconf 88' lang='lat' dir='ltr'><strong>Dr.</strong></span> <span class='ocrx_word' id='word_1_234' title='bbox 1234 3405 1263 3465; x_wconf 87' lang='lat' dir='ltr'><strong>J.</strong></span> <span class='ocrx_word' id='word_1_235' title='bbox 1289 3403 1325 3468; x_wconf 87' lang='lat' dir='ltr'><strong>F.</strong></span> <span class='ocrx_word' id='word_1_236' title='bbox 1349 3400 1520 3525; x_wconf 86' lang='lat' dir='ltr'><strong>Boehmer.</strong></span> <span class='ocrx_word' id='word_1_237' title='bbox 1546 3423 1576 3484; x_wconf 89' lang='lat' dir='ltr'><strong>p.</strong></span> <span class='ocrx_word' id='word_1_238' title='bbox 1595 3413 1646 3471; x_wconf 78' lang='lat'><strong>53</strong></span> <span class='ocrx_word' id='word_1_239' title='bbox 1664 3406 1768 3468; x_wconf 71' lang='lat' dir='ltr'><strong>etna</strong></span> 
     </span>
     <span class='ocr_line' id='line_1_29' title="bbox 522 3503 790 3590; baseline 0.023 -26"><span class='ocrx_word' id='word_1_240' title='bbox 522 3503 689 3590; x_wconf 74' lang='lat' dir='ltr'><strong>gestulii.</strong></span> <span class='ocrx_word' id='word_1_241' title='bbox 718 3515 790 3570; x_wconf 77' lang='lat' dir='ltr'><strong>tto.</strong></span> 
     </span>
    </p>
   </div>
   <div class='ocr_carea' id='block_1_8' title="bbox 441 3628 1768 3845">
    <p class='ocr_par' dir='ltr' id='par_1_9' title="bbox 441 3628 1768 3845">
     <span class='ocr_line' id='line_1_30' title="bbox 441 3628 1768 3752; baseline -0.002 -34"><span class='ocrx_word' id='word_1_242' title='bbox 441 3628 1546 3752; x_wconf 59' lang='lat' dir='ltr'><strong>&#39;antuunmdaduen1⁶96.Br.Usurparionsgenhichta</strong></span> <span class='ocrx_word' id='word_1_243' title='bbox 1537 3679 1571 3718; x_wconf 85' lang='grc' dir='ltr'><strong>ιιι</strong></span> <span class='ocrx_word' id='word_1_244' title='bbox 1608 3657 1681 3720; x_wconf 93' lang='lat' dir='ltr'><strong>dem</strong></span> <span class='ocrx_word' id='word_1_245' title='bbox 1708 3653 1768 3717; x_wconf 82' lang='lat' dir='ltr'><strong>Ge·</strong></span> 
     </span>
     <span class='ocr_line' id='line_1_31' title="bbox 523 3750 1420 3845; baseline 0.006 -27"><span class='ocrx_word' id='word_1_246' title='bbox 523 3755 608 3822; x_wconf 86' lang='lat' dir='ltr'><strong>biete</strong></span> <span class='ocrx_word' id='word_1_247' title='bbox 633 3753 745 3818; x_wconf 79' lang='lat' dir='ltr'><strong>decli.</strong></span> <span class='ocrx_word' id='word_1_248' title='bbox 772 3753 803 3817; x_wconf 91' lang='lat' dir='ltr'><strong>d.</strong></span> <span class='ocrx_word' id='word_1_249' title='bbox 830 3750 999 3817; x_wconf 81' lang='lat' dir='ltr'><strong>Bitternrd.</strong></span> <span class='ocrx_word' id='word_1_250' title='bbox 1027 3754 1058 3818; x_wconf 82' lang='lat' dir='ltr'><strong>S.</strong></span> <span class='ocrx_word' id='word_1_251' title='bbox 1086 3766 1160 3822; x_wconf 72' lang='lat'><strong>231.</strong></span> <span class='ocrx_word' id='word_1_252' title='bbox 1187 3757 1318 3845; x_wconf 74' lang='lat' dir='ltr'><strong>Bsilege</strong></span> <span class='ocrx_word' id='word_1_253' title='bbox 1350 3770 1420 3837; x_wconf 69' lang='lat' dir='ltr'><strong>tlt).</strong></span> 
     </span>
    </p>
   </div>
   <div class='ocr_carea' id='block_1_9' title="bbox 0 0 1940 4718">
    <p class='ocr_par' dir='ltr' id='par_1_10' title="bbox 0 0 1940 4718">
     <span class='ocr_line' id='line_1_32' title="bbox 0 0 1940 4718; baseline 0 3"><span class='ocrx_word' id='word_1_254' title='bbox 0 0 1940 4718; x_wconf 95' lang='lat' dir='ltr'><strong> </strong></span> 
     </span>
    </p>
   </div>
  </div>
 </body>
</html>
