3772 4722
309 279 317 300 .
399 333 488 419 2¹8
789 319 1038 437 Diplomata
1059 317 1374 436 Imperatorum

469 570 502 647 e)
528 533 698 650 Sigillum,
734 560 817 650 quod
842 557 1058 674 appendebat,
1093 557 1210 642 pebiit,
1243 551 1401 630 euomuit
1433 571 1504 640 ppss
1529 554 1677 642 superior
1701 551 1774 626 (ila-

523 685 598 734 rum
625 661 854 753 &saeptorum
867 659 1045 736 sericorum
1068 658 1159 732 rubri
1183 669 1216 733 et
1238 657 1315 744 hesi
1341 655 1472 743 colceia,
1501 651 1738 742 uternensem
1729 672 1780 728 nt·

526 761 627 833 ferias
651 762 889 854 complicatae
879 779 1009 834 tantas.

467 915 497 998 b)
523 915 659 980 indictio
686 915 857 998 respondet
882 933 969 977 anns
996 911 1054 974 Oh.
1082 909 1231 972 indicato.

470 1077 498 1150 e)
524 1070 702 1134 ineditum:

903 1387 1291 1500 occumu-
1348 1433 1351 1438 ·
1452 1330 1457 1440 ἶ
1549 1377 1566 1425 ··

717 1625 811 1685 Anno
844 1633 942 1689 12³⁴.
998 1626 1046 1687 rt.
1076 1617 1234 1681 Novemb.
1258 1609 1261 1618 ’
1286 1611 1495 1708 herbipoli„

282 1901 287 1908 ,
366 1851 372 1861 ·
394 1811 627 1902 Heinricus
658 1813 752 1901 VII.
784 1843 862 1924 ren
892 1813 1069 1920 clerum,
1099 1811 1306 1922 barones,
1336 1809 1643 1907 ministeriales
1649 1834 1692 1916 et
1716 1815 1777 1902 ci·

401 1961 476 2018 ves
516 1929 890 2046 herbipolenses
876 1963 921 2016 m
950 1931 1262 2046 protectionem
1291 1929 1520 2047 specialem
1549 1929 1775 2047 recipiens,
1883 1973 1885 2042 ς

400 2067 443 2140 et
473 2045 769 2140 defensionem
804 2068 1001 2138 mutuam
1042 2047 1279 2164 spondens,
1321 2066 1605 2182 protestatur,
1656 2049 1775 2163 quod
1884 2061 1885 2078 .

397 2168 702 2301 promissiones
733 2185 775 2252 et
802 2168 1062 2302 iuramenta,
1098 2165 1171 2252 ud·
1193 2166 1404 2252 honorem
1442 2165 1672 2258 maiestatis
1701 2195 1776 2256 re-
1883 2159 1885 2186 ¹

454 2283 545 2398 giae
575 2301 617 2367 et
646 2283 923 2418 specialiter
911 2285 1067 2369 mtuitu
1093 2311 1303 2397 personae
1330 2309 1431 2368 suae
1452 2282 1576 2390 sacta,
1608 2309 1723 2378 nun

538 2427 670 2515 quam
698 2401 852 2486 ultra
839 2419 1062 2488 metantem
1096 2401 1389 2491 necessitatem
1414 2347 1626 2491 extendet.

391 2573 617 2712 'Heinrious
644 2628 701 2697 dei
727 2626 844 2722 gratia
870 2629 1118 2717 Romanorum
1144 2631 1224 2700 Rex
1250 2643 1286 2702 et
1312 2630 1465 2722 Semper
1484 2619 1677 2722 angustos.
1715 2633 1774 2702 Di·

395 2747 498 2818 leotis
523 2743 688 2814 fidelibus
713 2741 788 2812 suis
822 2743 972 2816 domino
998 2748 1207 2817 Hermanno
1241 2746 1440 2816 venerabili
1465 2746 1660 2837 Episcopo.
1712 2747 1771 2818 Ot-

395 2849 470 2918 toni
498 2847 696 2939 preposito.
747 2845 908 2916 Aruoldo
935 2846 1083 2916 decano.
1111 2846 1251 2938 totique
1278 2843 1444 2936 Capitulo
1477 2847 1623 2917 maioris
1659 2851 1772 2918 eccle-

394 2951 460 3020 sie.
479 2947 754 3036 herbipolensis.
790 2947 943 3032 gratiam
978 2967 1078 3014 suam
1113 2956 1149 3015 et
1184 2967 1290 3018 omne
1324 2947 1470 3014 bonurn.
1532 2946 1769 3031 confitemur,

393 3045 636 3137 promittimus
663 3055 699 3112 et
724 3045 884 3132 presenti
910 3045 1043 3134 pagina
1068 3053 1313 3132 protestamur
1338 3045 1436 3134 quod
1460 3045 1720 3133 promissiones
1736 3059 1770 3116 st

394 3150 594 3214 iuramenta
628 3163 698 3230 que
732 3141 775 3208 ad
811 3145 986 3208 honorem
1024 3152 1059 3210 et
1092 3142 1335 3212 reuerentiam
1361 3145 1474 3233 Regis
1508 3146 1709 3218 maiestatis
1732 3159 1768 3216 et

297 3251 304 3256 '
392 3243 597 3334 specialiter
621 3238 757 3318 intuitu
779 3259 933 3331 persone
961 3248 1095 3314 nostre.
1121 3239 1288 3310 barones.
1316 3241 1582 3329 ministeriales.
1604 3256 1641 3314 et
1662 3237 1767 3316 Ciues

392 3341 675 3432 herbipolenses.
709 3347 905 3424 spontanea
939 3340 1125 3409 voluntate
1161 3350 1196 3411 et
1228 3341 1429 3413 liberaliter
1458 3343 1667 3413 emiserunt.
1703 3369 1768 3414 nee

311 3435 325 3452 ⁸
393 3447 518 3516 dolose
551 3441 608 3508 vel
644 3437 892 3506 fraudulenter
923 3439 959 3506 in
987 3438 1159 3508 lesionem
1186 3443 1243 3510 vel
1269 3463 1463 3531 grauemcn
1489 3442 1651 3532 ipsorum
1679 3448 1768 3532 peti·

391 3534 510 3618 nimus
534 3539 593 3608 uel
619 3537 833 3626 accepimus.
860 3561 925 3607 nec
950 3539 1055 3610 otiam
1084 3539 1254 3628 captiose.
1283 3564 1349 3610 nec
1375 3541 1593 3614 intendimus
1620 3546 1677 3612 vel
1706 3568 1768 3616 uo·

388 3646 507 3716 lumus
534 3639 661 3708 honori
688 3646 751 3705 aut
776 3635 1016 3708 iurisdietioni
1038 3636 1198 3716 Eccleaie
1225 3649 1344 3710 uestro
1368 3643 1427 3710 vel
1452 3663 1578 3710 eorum
1598 3665 1664 3732 per
1673 3665 1765 3762 pre·

389 3741 518 3818 dieta
508 3764 546 3810 sn
572 3738 693 3827 aliquo
720 3735 904 3828 derogari.
929 3760 996 3810 nec
1024 3738 1422 3818 occasioueiuratneoti
1437 3743 1494 3808 rel
1513 3743 1764 3830 promissionis

388 3841 481 3913 lacte
506 3837 666 3909 collectis
693 3833 962 3906 extorsionibus
987 3836 1157 3926 angariis
1184 3848 1246 3905 sut
1271 3839 1496 3929 perangariis
1521 3851 1584 3920 apt
1610 3847 1763 3926 auctio·

385 3941 503 4009 nibus.
530 3946 590 4007 aut
617 3935 696 4022 aliis
722 3936 943 4026 quibuslibet
972 3937 1302 4006 machinationibus
1326 3959 1411 4024 voa,
1437 3952 1498 4008 aut
1525 3941 1762 4043 ipsosgrau'a

249 4096 252 4104 .
383 4039 503 4110 bimus
528 4037 588 4107 uel
613 4036 751 4104 turbari
778 4038 942 4105 volumus
967 4037 1024 4105 vel
1053 4035 1248 4105 molestari.
1275 4057 1343 4106 nee
1369 4041 1406 4106 in
1434 4021 1599 4132 persenit
1633 4045 1735 4111 vel'
1724 4067 1761 4111 sn
