3856 4724
482 441 484 450 ‚
604 335 619 354 ·
732 321 860 432 episc.
890 295 1103 434 patevr'
1349 351 1359 368 ⁸
1432 440 1435 451 Ι
1511 329 1567 414 83

107 629 112 636 ,
159 537 321 624 ilendini
355 551 506 642 singulis
531 552 643 624 Annia
676 555 794 628 eoluet
830 561 914 622 tune
950 545 1123 642 temporie
1148 549 1306 632 Plebano
1331 544 1478 618 iliidem.
1506 571 1564 622 av:

185 663 356 723 metretae
372 651 541 742 Siliginis.
571 651 608 722 iu
633 651 724 722 serto
751 653 1122 722 eanetiBartbolomei
1149 651 1314 740 apostoli.
1341 661 1376 716 at
1407 651 1566 720 totidem.

186 755 222 824 in
259 755 351 822 festo
382 753 587 822 Natiuitatis
625 751 773 822 domini.
834 750 1104 843 lnauperxidem
1130 750 1395 820 Molendinatur
1419 751 1566 818 admini-

185 853 315 922 elrabit
340 849 376 918 in
404 853 525 941 vigilia
552 851 812 942 assumptionis
839 853 943 927 beate
969 852 1083 922 Marie
1110 845 1274 940 virginis.
1323 851 1411 918 Tres
1430 862 1567 927 ¹metre-

189 965 258 1022 ιιι.
286 973 392 1020 vnam
418 951 528 1020 tritici
554 952 597 1018 ad
624 951 735 1022 altare
761 973 828 1044 pro
856 953 1017 1042 oblegye.
1067 954 1164 1020 Duae
1180 944 1451 1038 veroSiliginie.
1478 972 1564 1039 pau-

190 1053 341 1142 peribua
367 1050 402 1116 in
432 1073 541 1140 panea
568 1051 812 1141 pereundam
832 1051 1356 1124 Molendinaloremredamas:
1416 1051 1485 1144 Qui
1514 1063 1564 1118 et·
1596 1069 1600 1086 ¹

186 1153 279 1219 ciem
303 1151 571 1218 Molendinator
609 1159 752 1220 tenetur
790 1152 1075 1222 molere-,nullo
1099 1152 1274 1244 requisito
1300 1147 1423 1238 precio
1450 1151 1566 1217 auiue-

184 1273 343 1342 eumque
368 1251 513 1338 generie
538 1273 689 1340 manum
718 1251 783 1334 (ai)
804 1251 873 1321 eibi
892 1273 957 1341 per
966 1251 1160 1320 Plebanum
1177 1249 1262 1318 dieti
1277 1249 1346 1316 loci
1361 1257 1428 1338 pro
1444 1269 1564 1318 neees-

65 1359 69 1366 “
186 1351 291 1419 ritate
329 1349 455 1420 denua
490 1373 555 1418 aue
591 1350 699 1418 fuerit
733 1361 991 1439 presentatum.
1054 1353 1141 1418 ltem
1175 1372 1284 1418 vnum
1314 1349 1562 1416 lllolendinum
1658 1379 1670 1458 Ι·

184 1451 281 1539 quod
315 1444 447 1518 dieitur
481 1446 699 1520 voerolteolt
729 1459 765 1516 el
789 1471 896 1539 agros
923 1450 1114 1534 attinentes
1141 1451 1215 1534 itti,
1261 1450 1304 1516 de
1330 1447 1461 1538 quibua
1486 1451 1562 1516 Mo-

76 1537 88 1546 ’
135 1534 141 1555 '
183 1549 388 1618 lendinator
420 1547 505 1616 dicti
531 1548 728 1618 molendini
754 1549 887 1618 seruiet
913 1551 1108 1618 annuatim.
1129 1571 1202 1638 ¹rep.
1228 1545 1373 1615 eolidoe.
1400 1548 1562 1618 denario-t

182 1669 263 1716 rum
298 1647 559 1716 wienneneiurn
592 1649 631 1714 in
663 1645 756 1718 lento
789 1649 903 1717 tancti
928 1647 1140 1716 ll‘liehahelia
1165 1658 1201 1716 et
1227 1647 1375 1716 totidem
1402 1647 1439 1714 in
1467 1647 1560 1732 sento

182 1751 294 1816 eaneti
311 1747 443 1837 Geory.
494 1750 583 1816 ltem
609 1748 705 1816 aliud
720 1747 978 1817 Molendiuum.
1008 1748 1104 1838 quod
1132 1758 1186 1815 est
1211 1746 1317 1814 eitum
1336 1745 1404 1814 eub
1419 1741 1561 1815 Monte

184 1841 393 1918 Ploecden.
452 1847 504 1914 Da
538 1867 610 1937 quo
636 1847 900 1914 Molendiuator
939 1847 1098 1916 eiusdem
1133 1849 1248 1914 aoluet
1281 1844 1439 1913 Plebano
1472 1847 1560 1912 dieti

49 1951 78 2002 '1
182 1947 264 2013 loci.
290 1968 323 2012 x.
349 1943 480 2012 solidos
507 1947 767 2014 wiennenaium
796 1945 1038 2015 denariorum.
1063 1947 1101 2014 in
1126 1945 1220 2022 ferito
1245 1945 1358 2016 eaneti
1373 1945 1560 2014 Michaelis

186 2056 222 2112 et
248 2067 354 2114 enam
379 2043 520 2115 Periam
548 2044 645 2138 quod
670 2047 871 2134 vulgariter
896 2045 1183 2115 dieiturSehoet.
1235 2047 1322 2111 llem
1351 2067 1459 2118 vnum
1488 2045 1561 2112 seo-

27 2152 28 2161 ’
159 2145 268 2214 ‚dum
295 2143 437 2212 Ottonie
455 2143 611 2210 sartoris
638 2144 734 2233 quod
763 2146 870 2212 aoluit
896 2145 1012 2232 ejdem
1037 2143 1206 2211 Plebano.
1230 2165 1264 2229 ν)
1291 2141 1426 2210 solidor
1454 2144 1561 2210 denu-

182 2244 332 2324 riorum.
382 2244 459 2337 Que
494 2243 614 2310 amnia
649 2241 694 2338 de
731 2242 804 2333 auia
830 2243 935 2312 bunia
963 2243 1234 2314 industrialibue
1259 2242 1494 2330 comparauit.
1522 2244 1561 2310 li·
1657 2307 1661 2318 ,

179 2343 270 2410 beie
298 2342 445 2411 donauit
471 2340 631 2410 Eeeleeie
654 2363 717 2409 aue
745 2353 781 2410 et
807 2343 977 2434 precipue
994 2343 1164 2434 §appelle
1192 2351 1227 2409 et
1252 2342 1354 2410 altari
1382 2340 1561 2411 ianreb·

182 2443 249 2510 etal
284 2463 348 2532 per
379 2463 461 2508 evm
494 2441 628 2510 ibidem
655 2439 699 2510 de
725 2441 830 2512 Nouo
857 2443 1048 2513 exstructis
1075 2441 1257 2520 indolem
1286 2451 1320 2510 et
1345 2440 1560 2509 Remedium

182 2543 449 2630 sempiternum.
478 2551 654 2630 perpetuo
681 2542 907 2632 [roseidendu.
969 2539 1114 2612 Talibue
1140 2542 1256 2611 modia
1283 2537 1588 2610 reconditione·

182 2643 251 2708 bue
277 2639 434 2708 adiectis.
459 2640 627 2710 videlieet
652 2641 754 2729 quod
779 2641 931 2732 quilibet
956 2641 1134 2735 Plebanus
1161 2642 1225 2734 qui
1240 2641 1374 2738 ibidem
1390 2663 1457 2730 pro
1470 2653 1558 2708 tem·

182 2761 272 2829 pore
307 2738 417 2808 fuerit
448 2740 550 2828 priua
576 2748 765 2819 eontentua¹
790 2739 996 2829 Preapitero
1023 2763 1104 2809 cum
1129 2762 1213 2808 ruo.
1264 2743 1362 2815 Duos
1388 2739 1557 2808 ammodo

185 2859 327 2928 semper
363 2837 722 2910 ainediminutione'
744 2839 788 2905 ad
822 2845 983 2908 mensam
1017 2849 1054 2908 et
1080 2837 1278 2910 Seruieium
1304 2836 1363 2905 dei
1389 2848 1425 2904 et
1450 2860 1556 2906 auum

181 2947 303 3006 teneat
327 2935 544 3006 aaeerdotee.
569 2936 737 3006 adiuncto
763 2940 970 3028 prespitero
995 2960 1062 3030 per
1087 2960 1125 3007 ae
1150 2940 1209 3008 uel
1235 2959 1300 3026 per
1315 2937 1424 3005 alium
1446 2957 1557 3026 euper

178 3037 359 3128 prelibato
385 3038 500 3104 altari.
538 3037 688 3105 cottidie
713 3037 759 3106 ad
785 3039 892 3108 misse
918 3037 1197 3108 celebrationem
1223 3031 1396 3118 astricte(
1412 3045 1449 3104 vt
1473 3043 1569 3126 pre·'

179 3137 340 3208 habitum
367 3147 422 3204 est
448 3135 562 3206 eidem
588 3136 793 3228 prespitero
818 3139 855 3206 ln
881 3139 1096 3220 virtualibus
1122 3139 1344 3229 prouieurue.
1393 3137 1490 3204 Dana
1507 3139 1554 3208 ei·

134 3245 144 3254 '
177 3237 219 3305 bi
252 3237 402 3325 insuper
432 3231 616 3304 annuatim
650 3260 683 3306 v.
707 3237 819 3318 librae
844 3237 1074 3312 denariorum
1099 3238 1379 3308 Wiennenaium.
1404 3237 1555 3331 singulis

120 3413 123 3420 A
180 3345 336 3426 quatuor
360 3337 663 3427 temporinam
626 3338 825 3406 xsolidoa
848 3337 894 3406 ad
919 3351 1036 3410 vestes
1062 3351 1099 3408 et
1124 3339 1193 3406 alia
1218 3336 1554 3408 neeceaaariaeo‘m·

177 3435 349 3525 paran.de
400 3434 696 3528 Prefatarumque
729 3438 996 3526 possessionum
1017 3437 1182 3511 Loeacio.
1215 3434 1406 3526 Institutio,
1432 3445 1468 3504 et
1493 3437 1554 3504 de·
1601 3436 1604 3442 ’

178 3534 321 3605 stitutio
348 3531 428 3602 ad
418 3557 534 3626 iprum
546 3535 740 3602 Plebenum
766 3534 963 3627 pertinebit
988 3539 1117 3629 quauia
1143 3533 1359 3627 alienatione
1378 3543 1551 3606 cessante.

179 3633 218 3702 st
244 3654 333 3704 uero
359 3625 425 3702 bec
451 3631 635 3702 ordinacio
660 3633 821 3724 legitime
845 3634 950 3704 faeta.
976 3659 1043 3727 per
1067 3617 1266 3728 plebanum
1288 3633 1375 3706 dieti
1391 3635 1461 3704 loei
1476 3657 1550 3704 non
1686 3701 1692 3710 .

176 3733 288 3802 suerit
321 3755 365 3804 ex
400 3735 542 3824 integro
576 3743 788 3822 conseruata
825 3735 989 3806 volumus
1027 3749 1068 3808 ut
1098 3736 1302 3808 huiuamodi
1329 3735 1552 3828 negligentia

41 3861 46 3866 ·
176 3853 245 3922 per
268 3831 487 3904 Plebezanoe
513 3833 608 3904 diete
634 3814 827 3908 Parroebie
853 3835 898 3906 ad
924 3847 1083 3918 nostram
1110 3837 1327 3910 audientiam
1354 3828 1548 3904 deferatur.

174 3935 223 4002 Et
248 3934 279 4004 ei
298 3947 371 4004 noe
393 3933 661 4034 infraMeneem
685 3944 768 4028 post
792 3935 946 4015 delatam
969 3938 1016 4006 ad
1040 3959 1106 4012 noe
1129 3939 1263 4008 dietam
1277 3929 1548 4028 negligentiam

36 4104 42 4121 ,
138 4032 314 4156 uellem
347 4032 393 4108 ed
425 4035 494 4110 bae
528 4021 807 4128 arbitraremur
826 4037 1051 4124 remedium.
1091 4041 1191 4110 Tune
1213 4035 1415 4132 praecripta
1439 4033 1546 4105 bana.

1301 4129 1381 4211 ιι*
