3746 4720
297 310 439 427 '528
554 341 560 346 ’
745 326 991 444 Diplomata
1018 325 1332 452 Imperatorum

392 862 394 866 ’
449 862 488 910 Γ
581 869 676 929 Anao
706 873 803 930 test.
855 871 909 928 25.
936 861 1100 930 denuncio.
1151 861 1235 944 apud
1260 825 1515 933 saonensem-⁴

351 1056 628 1150 Ritschardus
652 1056 809 1143 Comes
842 1053 896 1140 de
919 1055 1155 1142 Glohzitter
1184 1073 1226 1138 et
1253 1055 1370 1140 alius
1389 1056 1602 1141 solemnis.
1610 1083 1723 1143 nun-

353 1179 435 1264 tius
457 1172 673 1274 Ritsbardi
702 1171 947 1280 (Ricardi)
937 1203 997 1257 ιιι
1008 1200 1155 1286 regem
1169 1172 1356 1279 electi,
1343 1201 1387 1256 m
1406 1173 1590 1256 animam
1612 1175 1726 1258 eius-

353 1295 454 1381 dem
484 1293 595 1407 regis
616 1292 778 1379 iurant:
812 1287 960 1401 quod
948 1319 991 1374 m
1015 1315 1160 1403 regem
1184 1235 1341 1374 electris
1363 1287 1595 1374 Chunrado
1616 1318 1725 1404 pue·
1800 1381 1802 1384 ,

354 1437 430 1517 ιο,
470 1409 705 1496 Jerusalem
746 1425 788 1491 et
819 1405 983 1492 Siciliae
1013 1406 1181 1520 regiae
1211 1403 1541 1516 duciSueviae,
1587 1407 1727 1492 statim

357 1527 551 1616 conferet
578 1525 779 1610 ducatum
809 1523 988 1608 Sueviae
1019 1521 1141 1609 titulo
1171 1503 1351 1628 feodali3
1389 1551 1489 1607 nec·
1500 1548 1599 1607 eum
1630 1551 1727 1636 gra·

355 1645 472 1731 vabit
502 1642 699 1730 omnibus
730 1640 820 1725 eliis
850 1639 994 1744 Ιιοιιιι,
1016 1662 1095 1754 per
1126 1639 1437 1724 successionem
1459 1637 1511 1724 ab
1534 1641 1726 1726 avoFri·

357 1760 541 1846 derico
529 1776 787 1872 rmperstore
818 1775 860 1841 et
888 1774 1007 1866 patre
1040 1742 1238 1843 Conrado
1269 1754 1527 1890 quondam
1515 1785 1557 1839 ιιι
1581 1783 1727 1870 regem
1870 1787 1872 1832 ι

355 1881 516 1983 electo,
560 1875 666 1960 ad
654 1900 795 1989 ipsum
828 1871 1116 2008 devolutis,
1100 1897 1236 1957 mimo
1261 1873 1405 1957 ornnia
1431 1871 1545 1956 bona
1576 1901 1727 1988 supra-

356 1994 491 2100 dicta,
522 1991 590 2076 vel
621 1989 872 2079 mediante
859 2019 977 2096 rure,
1008 1991 1077 2076 vel
1108 1989 1317 2088 amicabili
1341 1987 1671 2103 compositione,
1702 2021 1727 2074 a

352 2109 517 2198 bonis
504 2109 673 2224 unperii
704 2103 953 2224 distinguet,
986 2127 1027 2192 et
1056 2105 1237 2192 eundem
1270 2126 1454 2222 puerum
1481 2105 1727 2194 Conradum

531 2227 725 2341 quietum
755 2244 797 2312 et
829 2213 1064 2342 legitimum
1094 2221 1223 2312 [adies
1247 2229 1582 2400 possessorem

349 2394 451 2527 Nos
476 2454 707 2526 Ritsohardos
735 2457 865 2526 Comes
898 2455 943 2526 de
971 2451 1162 2526 Globziter
1195 2465 1232 2528 et
1254 2395 1448 2526 lohannes
1482 2455 1527 2525 de
1561 2455 1720 2526 Aneonis

276 2655 279 2661 y
349 2571 475 2656 Miles,
500 2571 595 2638 filius
615 2553 895 2660 primogenitus.
946 2562 996 2639 M.
1025 2571 1214 2641 Comitisse
1240 2571 1411 2655 flandrie,
1445 2571 1643 2639 existentes
1678 2571 1725 2635 le·

351 2670 489 2762 gitimi,
516 2671 733 2760 sollempnes
762 2681 799 2739 et
825 2670 1014 2739 auctentici
1042 2671 1187 2759 nuncii,
1213 2666 1367 2739 illustris
1392 2669 1463 2738 uiri
1490 2669 1626 2737 domini
1654 2668 1725 2735 Rit-

353 2767 475 2838 shardi
500 2770 794 2838 Romanorum
784 2794 821 2837 ιιι
847 2773 982 2861 Regem
1009 2771 1143 2850 Electi
1184 2769 1307 2838 fratris
1333 2769 1444 2858 Regis
1470 2769 1618 2859 Anglie,
1659 2787 1725 2856 pro
1756 2799 1764 2822 ·

349 2867 505 2960 negotiis
528 2867 620 2953 suis,
646 2870 684 2937 ia
711 2869 874 2960 partibus
904 2871 1112 2939 Alemannis
1139 2868 1388 2984 disponendis,
1415 2866 1723 2958 presentiscripto
1804 2895 1807 2898 ·

350 2969 583 3059 profitemur,
610 2977 646 3035 et
671 2979 836 3037 constare
863 2969 1030 3036 uolumus
1056 2969 1232 3036 vniuersis
1258 2977 1329 3034 tam
1357 2967 1607 3083 presentibus
1618 2985 1724 3080 quana

285 3091 287 3094 ·
351 3066 495 3153 futuris,
521 3065 618 3156 quod
644 3087 711 3133 nos
738 3069 841 3134 tectis
861 3067 1099 3134 sacrosanctis
1119 3057 1353 3155 Euangelijs,
1377 3065 1578 3134 iurauimus
1597 3065 1635 3131 in
1652 3064 1725 3132 ani·

350 3187 446 3232 marn
474 3159 626 3254 predicti
647 3164 782 3230 domini
805 3166 847 3231 R.
862 3163 1138 3233 Romanorum'
1127 3189 1163 3232 m
1184 3165 1319 3256 Regem
1336 3165 1459 3251 Electi,
1490 3163 1590 3255 quod
1606 3183 1725 3256 quam·

352 3263 424 3334 cito
450 3262 544 3329 idem
572 3261 736 3330 dominus
763 3263 935 3329 electus
925 3284 962 3329 tn
988 3265 1125 3352 Regem
1151 3265 1397 3332 Romanorum
1424 3270 1616 3333 coronatus
1650 3258 1724 3330 sue·

353 3363 412 3447 rit,
438 3361 585 3430 domino
613 3359 802 3428 vanrado
828 3383 955 3451 puero,
981 3363 1108 3430 Inclita
1132 3364 1331 3432 Jerusalem
1358 3371 1395 3431 et
1414 3363 1535 3432 Sicilie
1555 3362 1659 3453 Regi,
1684 3383 1724 3430 ac

353 3461 445 3528 Duci
472 3459 615 3543 Saeuis,
642 3458 761 3552 ipsum
785 3461 963 3528 Ducatum
992 3461 1135 3548 Sueuie,
1162 3473 1324 3531 cessante
1350 3463 1447 3529 omui
1467 3462 1724 3552 protractione,

236 3555 238 3562 ’
353 3581 395 3628 ac
420 3558 722 3648 contradictione,
761 3581 840 3628 oum
868 3561 1036 3630 omnibus
1062 3563 1282 3647 bonoribus,
1315 3561 1458 3630 iuribus
1485 3572 1520 3630 et
1545 3559 1724 3651 pertinen·

353 3658 415 3745 tijs
450 3657 543 3742 suis,
578 3657 683 3740 titulo
710 3658 873 3728 conferat
897 3659 1041 3731 feodali.
1100 3662 1327 3730 includentes
1353 3656 1608 3730 nichilominus
1634 3660 1726 3727 iura·

353 3766 479 3826 mento
506 3766 648 3843 nostro,
687 3758 842 3848 prestito
869 3759 975 3827 etiam
1001 3759 1039 3827 in
1066 3759 1221 3828 animam
1254 3759 1451 3852 supradicti
1478 3761 1520 3827 R.
1547 3759 1723 3828 Romano·

352 3877 434 3923 rum
460 3855 496 3921 ιιι
522 3856 658 3944 Regem
683 3857 809 3941 Electi,
835 3858 932 3948 quod
959 3859 1036 3947 ipse
1055 3859 1211 3945 Electus,
1236 3868 1473 3928 memoratum
1492 3859 1718 3927 Chvaradurn

352 3975 526 4044 puerum,
551 3955 588 4022 ιιι
614 3957 780 4026 omnibus
806 3956 885 4044 alijs
910 3957 1015 4026 bonis
1041 3958 1134 4043 suis,
1160 3967 1231 4025 tarn
1252 3958 1588 4048 patrimonialibus,
1614 3976 1719 4048 quam

345 4051 568 4139 feodalibus,
593 4055 669 4126 siue
693 4077 761 4150 per
785 4054 1050 4130 successionem
1075 4008 1349 4152 heicditariam,
1376 4058 1456 4170 siue
1478 4077 1546 4152 per
1571 4055 1719 4146 emptio·

1622 4175 1714 4242 uem,
