3870 4718
694 379 961 491 Autbcntice.

743 767 904 876 unu
1000 715 1004 720 ’

217 1014 312 1074 Anno
343 1017 436 1074 1213.
463 1023 502 1065 ex
527 1011 637 1066 nostro
665 1015 836 1084 computu,
866 997 914 1064 16.
941 999 1092 1112 liebruur.
1121 998 1206 1081 apud
1231 997 1449 1080 Rutisponam.

141 1188 384 1276 uldericus
414 1185 466 1271 ll.
496 1211 574 1268 rex
607 1181 917 1268 Monasterium
948 1182 1176 1268 Scotorum
1196 1178 1238 1264 S.
1256 1175 1402 1263 Jacobi
1424 1160 1516 1263 ttass

140 1308 348 1420 depones,
375 1331 475 1388 cum
496 1299 676 1383 ecclesie
697 1301 740 1382 S.
760 1301 890 1400 Petri,
920 1301 964 1381 in
986 1297 1243 1380 defensionis
1266 1323 1367 1380 suae
1385 1323 1515 1380 luun-

143 1421 392 1506 diburdium
423 1415 611 1522 suscipit,
643 1439 744 1492 cum
767 1413 965 1496 omnibus
993 1437 1141 1526 eorum
1159 1411 1512 1525 possessionibus,

475 1555 586 1639 quae
613 1527 862 1613 nominatim
892 1528 1175 1642 designantur.

4 1865 5 1870 ,
143 1799 388 1885 (chrismon).
443 1733 512 1870 In.
536 1800 691 1870 nomine.
718 1811 851 1872 sancte.
878 1815 924 1872 et.
952 1801 1146 1872 indiuidue.
1162 1801 1373 1874 Trinitatis.
1388 1799 1512 1872 Fride·

142 1913 250 1981 ricus.
276 1910 470 1981 Secundus.
498 1911 629 1998 diuina·
659 1914 814 1982 fauente.
842 1917 1044 1984 clementia.
1070 1918 1328 1984 Romanorum.
1355 1915 1444 1982 Rex.
1477 1925 1514 1982 et

143 2016 303 2103 Semper.
332 2015 524 2102 Augustus.
552 2021 596 2079 et.
623 2015 713 2080 Rex.
741 2014 895 2084 Siciliae.
951 2015 989 2083 si
1016 2017 1105 2084 uiris
1124 2014 1304 2105 religiosis
1319 2009 1456 2082 fauoris
1478 2023 1515 2081 et

141 2112 408 2182 munificentiae
445 2111 599 2199 gretiam
630 2113 913 2204 impenderimus
945 2116 1200 2206 temporalium
1235 2123 1270 2180 et
1304 2123 1514 2182 eternorum

141 2216 321 2282 bonorum
348 2211 626 2279 retributionem
652 2213 898 2284 indubitanter
923 2226 1180 2286 consecuturos
1206 2235 1285 2282 essa
1318 2231 1514 2303 speramus.

4 2317 5 2324 ’
143 2316 221 2407 Qua
246 2321 397 2401 propter
422 2319 548 2379 notum
574 2311 622 2379 sit
646 2315 822 2384 omnibus·
842 2313 968 2384 christi
985 2316 1237 2384 bdelibnstarn
1254 2313 1386 2382 futuris
1406 2333 1514 2405 qnam

142 2412 372 2502 presentibus
399 2412 554 2502 qualiter
579 2412 837 2482 monesterium
866 2415 1060 2486 Scotorum
1079 2417 1301 2506 Ratisponae
1325 2422 1410 2482 ante
1429 2433 1513 2504 por·

142 2527 213 2581 tam
248 2512 506 2580 occidentalem
541 2524 799 2582 constructum.
832 2537 900 2584 nec
933 2539 1005 2585 non
1038 2526 1074 2584 et
1107 2515 1294 2586 ecclesiam
1325 2513 1365 2582 in
1389 2512 1515 2582 witin

142 2609 263 2682 Sancti
289 2611 386 2679 Petri
412 2611 528 2701 uulgo
554 2609 686 2680 dictam
711 2616 748 2682 in
774 2615 940 2685 orientali
965 2616 1126 2685 eiusdem
1153 2615 1310 2684 ciuitatis
1336 2613 1513 2684 suburbio

139 2723 283 2805 portam
309 2711 353 2778 ad
378 2709 474 2778 idem
499 2715 762 2783 monasterium
789 2715 911 2784 Sancti
935 2717 1063 2786 Jacobi
1082 2716 1275 2786 Scotorum
1300 2714 1514 2782 attinentem

4 2825 5 2830 ’
140 2809 340 2881 secundum
372 2817 537 2876 tenorem
569 2811 694 2878 firmae
727 2813 907 2879 libertatis
940 2815 1220 2900 priuilegiorum
1245 2821 1514 2878 antecessorum

137 2919 350 2982 nestrorum
374 2905 622 2974 Romanorum
647 2906 907 2996 imperatorum
932 2917 969 2976 et
992 2928 1120 2996 regum
1144 2901 1374 2974 HeinriciJll.
1407 2903 1515 2974 llein·

138 3003 317 3081 rtetltttti.
344 3015 381 3074 et
405 3000 546 3074 Lotarii
572 3003 794 3075 etFriderici
820 3007 868 3074 ob
892 3011 1068 3076 bonorem
1094 3015 1131 3074 et
1145 3003 1415 3076 uenerationem
1429 3005 1514 3074 bea·
1575 3075 1578 3080 ,

139 3124 262 3181 torum
288 3108 535 3198 apostolorum
561 3105 660 3176 Petri
686 3115 730 3176 ac'
750 3107 876 3178 Jacebi
902 3107 1034 3200 rogatu
1058 3105 1360 3176 Mataatabbatta
1386 3115 1421 3175 et
1441 3105 1510 3176 fra·

139 3223 238 3280 trum
265 3205 424 3274 eiusdem
449 3208 659 3276 monasterii
683 3205 973 3300 atquel'ratrum
1008 3209 1179 3278 ecclesiae
1203 3207 1279 3276 Seti
1306 3205 1403 3276 Petri
1427 3227 1511 3298 sup·

141 3309 339 3402 plicatione
369 3327 440 3398 que
466 3306 580 3375 Scotis
606 3307 816 3378 monasterii
840 3311 955 3378 sancti
980 3307 1107 3377 Jacubi
1132 3305 1277 3377 subdita
1308 3327 1397 3377 esse.
1429 3327 1513 3398 pro·

140 3415 250 3481 batur
279 3427 362 3479 cusu
394 3405 561 3474 omnibus
597 3407 702 3476 bonis
737 3417 774 3475 et
807 3409 1096 3498 possessionibus
1129 3427 1218 3499 quas
1244 3405 1353 3476 modo
1377 3406 1513 3476 babent

138 3505 404 3580 rationabiliter
431 3515 467 3574 et
492 3517 581 3597 quas
606 3505 832 3596 inposterum
857 3508 1072 3600 specialibus
1107 3505 1314 3590 nominibus
1350 3505 1513 3597 designa·

8 3661 9 3670 ,
99 3697 105 3700 α
138 3613 270 3683 bimus.
297 3615 359 3676 aut
383 3605 422 3672 in
446 3605 608 3674 futurum
624 3607 726 3677 iustis
746 3605 862 3678 modis
878 3619 962 3678 sunt
979 3607 1148 3678 habituri.
1164 3609 1202 3676 in
1216 3605 1512 3676 mundiburdium

140 3707 361 3780 detensionis
386 3714 529 3774 nostrae
554 3707 779 3796 suscipimus.
809 3729 854 3778 eo
877 3705 1016 3779 scilicet
1042 3719 1180 3780 tenore.
1207 3717 1248 3776 ut
1273 3707 1366 3775 deut
1382 3705 1511 3776 consti·

140 3821 261 3882 tutum
287 3817 340 3876 est
365 3827 387 3873 a
411 3806 625 3895 supradictis
658 3809 942 3898 imperatoribus
973 3807 1070 3877 idem
1102 3807 1361 3878 monasterium
1388 3805 1511 3875 suncti

141 3909 270 4002 Jacobi
295 3905 535 3980 ac.„ecclesiae
562 3903 684 3978 Sancti
709 3908 805 3976 Petri
831 3931 899 3978 neo
922 3929 997 3977 non
1022 3920 1058 3976 et
1082 3907 1179 3977 bona
1214 3907 1284 3978 sibi
1321 3903 1510 3974 attinentia
1627 3913 1632 3918 '

6 4037 14 4048 ·
141 4033 185 4080 ac
208 4007 342 4076 ibidem
368 4007 595 4076 solummodo
621 4008 719 4078 Secti
744 4008 998 4078 inhabitantes.
1024 4016 1060 4075 et
1085 4007 1178 4074 nulli
1200 4007 1262 4075 alii
1295 4015 1510 4096 perpetuam

141 4109 298 4182 habeant
323 4105 538 4176 libertatem.
564 4129 632 4179 nee
657 4109 703 4180 ab
729 4109 848 4201 aliqua
874 4127 1033 4200 persona
1054 4127 1187 4195 ‘magna
1210 4107 1271 4174 uel
1295 4122 1409 4194 parup
1428 4115 1509 4187 grs-
