3772 4722
406 299 494 390 238
801 265 1385 408 Diplomatairnpe'ratorum

854 578 1352 757 ¹rtctntm'rv.
1406 659 1415 674 ··
1475 562 1480 590 ἶ
1536 668 1556 692 ·’
1683 581 1689 588 ’

539 885 633 962 buno
665 909 764 968 1235.
816 901 1093 980 Inter24--29.
1121 859 1283 980 ¹Septemb.¹
1334 866 1420 978 apud
1445 852 1641 986 Hsgsnowe.

403 1092 647 1182 Fridericus
678 1095 730 1182 11.
761 1096 1010 1210 imperator,
1039 1091 1241 1182 Cunrado
1261 1093 1496 1208 burgravio
1527 1093 1581 1180 de
1605 1097 1776 1180 Nuren-

402 1214 508 1328 berg
550 1234 593 1299 et
631 1213 862 1300 heredibus
905 1214 1018 1318 eius,
1066 1214 1297 1297 emtionem
1340 1213 1465 1297 castri
1504 1213 1774 1322 Viruespero,

405 1334 523 1446 quod
554 1332 779 1421 Gotfridus
821 1331 875 1416 de
905 1329 1161 1417 Hohenloch
1197 1360 1221 1414 a
1259 1327 1498 1415 Ludsvvico
1537 1330 1591 1415 de
1624 1332 1777 1418 Virne-

451 1482 575 1567 sparc
604 1480 686 1567 pro
713 1447 1126 1585 recompensatione
1140 1444 1306 1554 damni,
1339 1477 1415 1558 per
1447 1449 1632 1534 eundem
1660 1449 1741 1534 sibi
1875 1517 1877 1544 1

751 1561 877 1675 illati,
907 1586 1165 1686 receperat,
1189 1563 1422 1652 confirmat.

264 1893 277 1902 .
403 1740 453 1869 F
454 1800 487 1866 R
488 1797 677 1879 (idericus)
704 1797 762 1866 dei
788 1799 930 1891 grstia
930 1802 1178 1868 Romanorum
1203 1777 1403 1890 imperator
1429 1803 1573 1911 semper
1598 1799 1778 1886 Augustus

387 1915 608 2012 ¹isrtrsalem
643 1925 698 1982 et
705 1910 837 2006 Syciiie
863 1905 942 1982 Rex
975 1935 1041 2004 per
1074 1933 1222 2004 presens
1258 1913 1430 2004 seriptum
1465 1902 1603 1980 notu'm'
1627 1911 1777 1980 iacimus

402 2016 608 2086 uniuettis..
626 2016 726 2132 pund
750 2015 950 2086 cunradus
965 2015 1190 2105 burgrauius
1210 2015 1270 2084 de
1280 2013 1496 2084 Narenbe'rc
1517 2015 1671 2082 dilectus
1697 2014 1778 2082 fide·
1876 2013 1877 2024 ³

403 2119 451 2186 lis
477 2119 603 2199 ιιιιιιρι·
627 2118 665 2184 ιιι
689 2128 824 2194 nostra
843 2118 1022 2207 prasentia
1048 2119 1276 2186 constitutus.
1304 2125 1428 2188 nostre
1461 2109 1683 2209 celsitudini
1701 2137 1779 2203 sup·
1875 2131 1877 2146 ·

407 2219 566 2310 piicauit.
591 2217 797 2312 quodcum
831 2219 908 2313 ipse
944 2219 1090 2286 emisset
1117 2241 1135 2285 a
1163 2206 1330 2285 Gotsrido
1364 2217 1408 2284 de
1435 2218 1648 2284 Hobenloch
1685 2215 1779 2282 fideli

408 2330 535 2389 nostro
563 2329 721 2388 castrum
747 2319 964 2408 virnesperc.
993 2318 1090 2410 quod
1116 2318 1211 2386 idem
1239 2316 1427 2386 Gotfridus
1452 2337 1520 2406 pro
1545 2337 1779 2404 reconpensa·
1876 2329 1877 2344 ²

409 2420 509 2498 tione
536 2419 681 2510 dampni
708 2442 728 2502 ιι
753 2419 950 2490 Ludevvico
978 2419 1021 2486 de
1049 2419 1257 2510 virnesperc
1283 2417 1353 2486 sibi
1385 2417 1474 2484 illati
1507 2417 1636 2486 eodem
1663 2416 1779 2484 Lude-

245 2552 247 2561 ·
300 2530 302 2539 ’
375 2535 378 2542 “
409 2521 505 2590 wico
533 2519 752 2589 concedente
778 2519 821 2588 de
848 2531 973 2594 nostra
998 2518 1143 2588 licentia
1169 2517 1288 2602 fuerat
1308 2527 1501 2600 assecutus.
1518 2511 1781 2588 assuendicio·

409 2643 496 2690 nem
522 2619 636 2711 ipsam
663 2629 778 2688 rotam
803 2623 1022 2705 habers,.st
1047 2619 1182 2690 dictum
1209 2629 1366 2686 castrum
1392 2639 1473 2688 cunt
1499 2617 1666 2688 omnibus
1687 2617 1784 2685 iusti·

410 2721 475 2790 ciis
501 2731 536 2788 et
560 2722 763 2789 rationibus
789 2716 873 2790 suis.
927 2722 1005 2791 Sibi
1031 2731 1066 2790 et
1091 2718 1294 2799 Heredibus
1319 2719 1393 2788 suis
1419 2717 1634 2800 confirmare
1661 2715 1705 2784 de
1723 2739 1782 2809 po·

410 2831 484 2890 stra
510 2823 624 2911 gratis
652 2821 897 2911 dignaremur.
928 2823 1022 2890 xNos
1048 2822 1162 2912 igitur
1187 2822 1260 2890 suis
1287 2819 1614 2910 supplicationibus
1641 2817 1782 2885 fauora-

408 2923 530 2990 biliter
555 2922 727 2990 inclinati.
756 2923 982 2990 attendentes
1009 2923 1115 2990 stiam
1142 2932 1247 3009 grata
1270 2922 1356 2989 satis
1383 2930 1419 2988 et
1451 2929 1599 3009 accepta
1631 2918 1785 2986 seruicia

409 3046 480 3114 que
508 3023 602 3090 idem
628 3021 847 3110 bur-grauius
874 3021 979 3090 nobis
1005 3032 1040 3088 et
1064 3023 1220 3109 imperio
1247 3020 1377 3089 deuote
1402 3020 1567 3088 exhibuit
1602 3022 1784 3088 hactenus.

409 3133 543 3214 etque
569 3121 614 3188 de
639 3121 773 3187 ιιοιιιιΙ
763 3143 801 3186 m
828 3122 957 3188 melius
983 3120 1119 3208 poterit
1145 3119 1326 3187 exbibete.
1354 3119 1400 3186 de
1418 3130 1547 3188 nostre
1557 3119 1784 3198 liberalitatis

410 3222 526 3317 grstia
551 3239 624 3312 quo
650 3219 893 3287 benemeritos
920 3231 955 3287 et
971 3219 1098 3288 fideles
1114 3231 1257 3288 nostros
1275 3236 1419 3309 semper
1435 3220 1688 3290 consumimus
1709 3242 1786 3309 pre·

411 3322 547 3390 uenire
585 3316 786 3409 predictam
819 3318 1066 3389 uenditionem
1100 3330 1213 3389 ratam
1249 3322 1432 3409 babemus.
1464 3321 1600 3389 dictum
1628 3329 1786 3390 castrum

412 3437 493 3489 eum
520 3420 687 3489 omnibus
707 3417 859 3488 iustitiis
885 3422 921 3488 et
947 3421 1171 3512 pertinentiis
1198 3421 1282 3490 suis.
1335 3421 1411 3490 Sibi
1437 3431 1472 3489 et
1489 3420 1694 3488 Herettibus
1712 3421 1785 3488 suis

411 3530 588 3638 perpetuo
615 3518 894 3610 confirmantes.
935 3520 988 3590 Ad
1013 3523 1119 3592 buius
1140 3525 1260 3612 itaque
1277 3533 1401 3590 nostre
1417 3521 1702 3590 confirmationis
1718 3543 1787 3588 me·

410 3621 573 3688 moriam.
599 3631 747 3710 presens
775 3621 949 3711 scriptum
975 3620 1067 3692 fieri.
1095 3633 1130 3690 st
1156 3623 1274 3713 sigillo
1301 3623 1495 3690 maiestatis
1521 3621 1645 3692 nostre
1680 3621 1783 3690 iussi·

186 3763 190 3771 -
301 3799 302 3804 ἵ
410 3742 490 3789 mus
517 3720 743 3789 communiri.
793 3723 906 3789 Huius
942 3723 994 3789 rei
1027 3734 1135 3792 testes
1162 3735 1254 3792 sunt.
1308 3723 1343 3788 S.
1379 3722 1596 3791 venerabilis
1621 3722 1785 3812 Ratispo·

411 3821 531 3890 nensis
557 3822 771 3913 Episcopus.
825 3819 1024 3924 imperitiis
1051 3826 1130 3892 sule
1155 3822 1397 3892 cancellarius.
1424 3805 1548 3891 frater.
1599 3823 1643 3891 H.
1681 3841 1786 3890 vene·
1875 3813 1877 3834 ‘

412 3921 536 3993 rabilis
569 3921 743 4012 magister
779 3905 918 3990 domus
932 3925 1148 3992 teuthoniee.
1200 3925 1427 3992 Hermannus
1454 3920 1617 3990 Marchio
1652 3921 1699 3990 de
1723 3923 1787 3988 Ba·
1876 4009 1877 4014 ἵ

411 4019 491 4090 den.
541 4021 681 4095 Comes.
740 4021 958 4094 Fridericus.
1000 4022 1044 4092 de
1085 4024 1202 4092 Zoire
1264 4023 1470 4092 wolfrsdus
1505 4023 1550 4094 de
1586 4023 1785 4092 Crutbeim.
1876 4055 1877 4064 ι
