3772 4722
579 332 583 348 ¹
673 358 935 498 authentice.
1180 375 1187 382 '
1403 370 1488 459 217

114 607 238 667 menta
263 597 301 662 in
328 591 438 663 nobis'
462 593 631 664 continua
655 597 859 667 sentiamus.
885 599 1016 678 merito
1044 597 1095 666 illi
1122 597 1218 690 quod
1244 599 1281 666 in
1308 597 1414 668 nobis
1436 609 1491 670 est

114 698 249 768 deuote
276 692 516 786 impendimus
543 704 582 764 ut
606 695 684 764 loca
711 695 834 765 diuino
863 697 984 766 cultui.
1014 707 1050 765 et
1080 720 1280 789 pauperum
1313 709 1489 768 sustenta·

2 862 3 866 ,
114 797 277 866 tionibus
304 793 517 886 mancipata.
543 793 787 864 munificentie
813 807 935 866 nostre
961 797 1146 867 beneficiis
1170 821 1374 889 augeamus.
1416 798 1487 865 No-

113 893 211 966 ue'rit
236 896 350 986 igitur
375 903 448 962 tam
473 914 623 984 presens
648 905 735 965 etas.
764 918 873 987 qnam
909 917 1118 966 successura
1139 899 1354 987 posteritas.
1391 896 1487 990 quod

113 1019 180 1065 nos
210 994 434 1064 attendentes
461 997 626 1083 preclara
651 995 826 1086 obsequia
851 1017 922 1087 quc
948 996 1071 1066 dilecti
1106 993 1228 1066 fideles
1261 997 1388 1066 nostri.
1422 996 1489 1064 fra·

113 1111 189 1166 tres
219 1095 346 1164 domus
371 1093 676 1163 Theotunicorum
705 1105 824 1166 sancte
850 1096 965 1164 Marie
999 1095 1037 1163 in
1071 1097 1272 1165 ierusalem.
1311 1096 1418 1164 nobis
1452 1105 1488 1162 et

111 1195 270 1287 imperio
297 1192 466 1262 exhibent
491 1193 724 1262 incessanter.
754 1195 800 1262 ob
828 1196 1067 1263 reuerentiam
1093 1195 1305 1264 intemerate
1334 1183 1487 1284 uirginis

1 1363 2 1374 ,
113 1295 242 1364 matris
279 1292 425 1364 domini.
460 1293 631 1362 cessione.
666 1315 774 1384 qnam
808 1293 960 1362 dilectus
992 1294 1109 1363 fidelis
1141 1307 1265 1364 noster
1299 1293 1487 1366 Corradus

113 1393 361 1484 burcgrauius
388 1392 432 1461 de
457 1393 698 1482 Nuerenberg
722 1389 807 1462 serit
833 1393 1033 1462 liberaliter
1058 1394 1094 1460 in
1119 1417 1243 1462 manus
1263 1406 1414 1466 nostras.
1434 1415 1488 1460 re·

1 1499 2 1532 l
39 1501 43 1506 '
114 1503 230 1585 cepta.
259 1493 303 1561 de
329 1491 536 1560 Molendino
563 1491 658 1582 apud
684 1488 921 1562 Nuerenberc
947 1493 1016 1562 sito
1039 1494 1136 1562 inter
1166 1495 1293 1562 salices
1329 1505 1362 1562 et
1396 1515 1487 1560 cam·

112 1617 214 1684 pum.
244 1592 439 1661 extendens
464 1613 503 1660 se
528 1615 549 1658 a
574 1591 721 1660 ciuitate
748 1593 964 1684 Nurenberg
989 1615 1104 1685 usque
1131 1591 1175 1660 ad
1201 1593 1348 1661 domum
1370 1595 1487 1680 lepro·

112 1716 240 1764 sorum
267 1693 304 1759 in
331 1690 495 1760 inferiori
522 1699 624 1781 parte
649 1699 769 1760 strate.
794 1691 838 1760 de
865 1703 946 1762 orto
972 1692 1041 1760 sito
1068 1691 1161 1781 apud
1188 1692 1323 1760 dictum
1349 1694 1486 1760 molen·

114 1793 254 1876 diuum,
282 1791 325 1860 de
352 1791 561 1860 Molendino
587 1791 680 1880 apud
707 1792 888 1860 vischbah.
917 1804 953 1860 ct
981 1791 1024 1859 de
1050 1792 1258 1861 molendino
1284 1793 1381 1874 dicto
1408 1791 1485 1858 vul·

114 1893 256 1984 pariter
280 1891 645 1958 Liubmannismuole.
681 1891 842 1980 predicta
875 1885 1079 1959 molendina
1112 1902 1146 1958 et
1173 1905 1294 1959 ortum
1321 1899 1487 1980 prenota-

115 2005 206 2060 tum.
235 1990 402 2081 hospitali
430 1985 551 2058 'sancte
576 1989 850 2059 Maris·dcmns
877 1993 1181 2060 'l'beotunicorum
1216 1989 1311 2078 apud
1336 1987 1487 2058 Nucrin·

115 2094 223 2184 berg.
260 2093 296 2160 in
326 2091 526 2158 remedium
559 2091 676 2162 anime
703 2101 826 2158 nostre
853 2101 888 2156 et
913 2111 1163 2158 successorum
1191 2100 1397 2157 nostrorum
1424 2087 1490 2154 rte-

116 2215 208 2281 gunn
234 2202 271 2258 st
299 2187 557 2305 imperatorum
584 2189 744 2260 dedimus
770 2200 806 2256 et
832 2189 1073 2258 concessimus
1100 2211 1182 2258 cum
1215 2189 1382 2258 omnibus
1414 2187 1489 2256 suis

115 2290 354 2389 pertinentiis
330 2289 597 2379 spossidenda.
652 2290 856 2358 Stntuentcs
881 2299 917 2356 et
951 2291 1164 2358 auctoritate
1190 2289 1303 2378 Regia
1337 2286 1490 2354 firmiter

115 2380 373 2480 precipientes.
403 2391 567 2456 utnulla
592 2411 762 2482 umquam
790 2410 942 2477 persona
969 2389 1113 2459 humilis
1140 2391 1197 2458 uel
1231 2393 1309 2458 alta.
1348 2385 1491 2455 ecclesi·
1599 2384 1603 2400 '

117 2493 232 2560 astice
258 2491 316 2558 uel
343 2487 532 2557 mundane
560 2491 650 2555 hanc
679 2497 799 2556 nostre
826 2488 1030 2558 donationis
1057 2500 1092 2556 et
1119 2489 1362 2558 concessionis
1393 2485 1491 2576 pagi·

117 2613 217 2657 nam.
245 2600 437 2704 presumat.
457 2577 664 2678 infringere
692 2592 750 2656 uel
776 2589 810 2655 ei
837 2610 926 2656 ausu
951 2590 1145 2656 temerario
1164 2589 1351 2660 contraire
1387 2583 1492 2678 Quod

117 2693 180 2781 ‘qui
211 2673 351 2756 fecerit.
378 2685 661 2776 indignationem
688 2687 744 2753 dei
771 2697 966 2776 nostreque
994 2684 1215 2754 celsitudinis
1240 2685 1493 2776 grauissimam

118 2790 303 2856 offensam.
333 2809 369 2856 se
397 2785 576 2854 nouerit
566 2807 805 2852 recursurum.
867 2789 914 2852 vt
939 2796 1059 2853 autem
1094 2807 1241 2873 presens
1275 2784 1420 2849 donatio
1455 2787 1515 2848 et*

117 2887 306 2958 concessio
334 2889 425 2954 sacta
453 2898 524 2952 tam
552 2907 618 2973 per
646 2903 719 2952 nos.
749 2905 856 2973 quam
884 2883 1223 2972 perssurcgrauium
1245 2881 1491 2972 supradictum

118 2987 238 3056 eidem
265 2983 431 3076 hospitali
459 2995 495 3052 et
521 2982 693 3051 frutribus
720 2983 815 3073 apud
834 2983 1064 3074 Nuerinberg
1089 2981 1309 3058 inuiolabilis
1325 2981 1492 3048 obserue·

118 3099 192 3154 tur.
220 3095 423 3176 presentem
450 3085 619 3174 paginam
646 3083 766 3173 sigillo
795 3093 917 3151 nostre
944 3083 1177 3151 celsitudinis.
1206 3081 1355 3150 fecimus
1390 3080 1495 3147 robo-

120 3187 205 3254 rari.
258 3189 380 3254 Testes
407 3185 512 3250 huius
541 3183 599 3250 rei'
619 3193 711 3250 sunt.
759 3181 993 3276 USypheridus
1021 3179 1236 3264 venerabilis
1261 3182 1493 3272 Magantinus

119 3285 434 3375 Archiepiscopns.
486 3282 712 3372 Eggebertua
736 3282 1055 3373 babenbergensis.
1082 3281 1262 3349 heinricus
1282 3281 1492 3350 Eistetensis

120 3384 303 3476 Episcopi.
342 3383 521 3450 heinricus
550 3371 712 3448 Marchio
748 3381 789 3447 dc
817 3381 990 3472 burgove.
1034 3381 1167 3449 Comes
1191 3383 1317 3470 Egeno
1353 3378 1396 3447 de
1423 3381 1495 3448 vri-

121 3489 229 3574 burg.
282 3483 410 3550 Gomes
435 3485 645 3548 hartmanus
669 3480 713 3547 de
743 3479 917 3574 Quiburg.
967 3481 1095 3547 Comes
1122 3477 1323 3548 Ruodollus
1359 3479 1403 3546 dc
1429 3481 1496 3547 Ra·

122 3579 367 3674 prehtswilar.
417 3580 596 3648 heinricus
629 3579 674 3646 de
701 3575 830 3645 Nilien.
880 3579 1061 3647 heinricus
1092 3579 1135 3646 dc
1161 3577 1442 3669 Rauenspurg'
1432 3591 1497 3646 rm'·

122 3683 272 3774 periclis
300 3684 385 3748 Aule
412 3678 649 3748 Camerarius.
700 3677 883 3746 heinricus
902 3681 1128 3746 Marcbalcus
1154 3679 1429 3760 (Mareshalcus)
1449 3677 1494 3743 de

121 3783 368 3850 Babbenhein.
397 3790 432 3846 et
458 3780 518 3845 alii
546 3801 652 3894 quam
681 3779 810 3865 plures.
864 3759 994 3846 Datum
1013 3777 1116 3867 Apud
1143 3778 1383 3866 Nuerioberg.
1424 3782 1495 3844 An-

122 3903 170 3950 no
196 3879 377 3949 dominice
409 3876 676 3946 incarnationis.
731 3877 985 3966 M⁰asxxs1uje
1038 3877 1165 3945 'l'ercio
1201 3877 1379 3946 Kalendas
1412 3877 1497 3965 Sep·

124 3983 291 4050 tembris.
324 3977 542 4096 lndictione
568 3971 736 4135 Septima

297 4124 396 4175 ..ονι
417 4127 538 4170 ιιι...
553 4126 644 4170 ....ιιι.
761 4125 852 4168 ..ιιι
1109 4184 1113 4192 .
1240 4109 1286 4176 28

1413 4233 1429 4272 a
