3870 4718
796 371 1061 515 ‘Diplomats
1087 370 1402 491 Imperatorum

553 1039 556 1050 Ι
640 961 735 1020 Anno
765 967 862 1040 ¹²¹9·
898 967 968 1028 25.
994 955 1169 1020 Novembr.
1221 954 1308 1037 spui
1332 886 1682 1022 illuremberclr.¹
1620 961 1623 969 '

417 1133 453 1228 F
454 1129 662 1227 rrderrcus
685 1135 745 1224 H
774 1160 863 1267 rer
885 1121 1145 1268 Chuoprado
1155 1109 1488 1272 Ratispouensi
1502 1135 1703 1254 episcopo
1731 1141 1794 1226 ci-

417 1250 593 1348 ritatem
605 1232 900 1372 Ratuponam
922 1232 1048 1369 cuni
1058 1253 1173 1359 ornei
1198 1236 1306 1368 iure
1325 1251 1542 1370 restituit,
1567 1256 1686 1372 quod
1703 1257 1795 1346 Ra-

418 1372 682 1494 lisponcnses
716 1373 904 1492 episcopi
939 1347 1188 1468 haetenus
1176 1403 1220 1460 ιιι
1255 1403 1305 1460 oa
1335 1361 1431 1460 sb
1412 1377 1619 1509 imperio
1628 1371 1796 1464 hebue-

418 1512 544 1602 runt3
573 1479 715 1577 fontes
747 1518 924 1606 quoque
941 1491 1182 1592 Selinsrsun
1213 1509 1273 1580 et
1268 1490 1475 1576 fodinas
1481 1493 1795 1630 cuiuscumque
1932 1527 1933 1530 ι

419 1610 585 1727 generis
615 1611 887 1698 metallorum
930 1607 1156 1696 ecclesiae
1150 1609 1490 1724 Rutisponensi
1511 1611 1554 1696 et
1588 1611 1796 1727 'episcopo
1899 1646 1904 1655 ·

323 1741 330 1764 '
422 1726 683 1818 Chuonrado
714 1729 902 1834 confert,
939 1729 1130 1812 inventas
1160 1746 1234 1812 aut
1262 1725 1577 1814 inveniendas
1565 1757 1609 1814 ιιι
1648 1727 1794 1816 fundis
1836 1821 1839 1826 ,

479 1844 673 1930 eiusdem
703 1846 906 1933 ecclesiae
934 1864 1011 1930 aut
1038 1843 1308 1936 haereditarii
1338 1845 1581 1960 patrimonii
1598 1846 1732 1963 ipsius

773 2071 776 2078 ι
877 1961 1040 2079 dicti
1070 1962 1271 2102 episcopi.

419 2130 485 2264 Iu.
495 2171 670 2288 nornine.
694 2203 827 2264 sancte.
854 2203 899 2264 et.
926 2191 1124 2265 indiuiduo.
1151 2146 1346 2264 Trinitatis
1373 2214 1489 2264 amaa.
1515 2193 1607 2288 Ego.
1627 2191 1803 2264 Frederi··
1873 2258 1877 2266 .

293 2389 299 2398 ¹
422 2327 497 2376 cos.
525 2305 598 2376 dei.
620 2309 750 2398 gratis.
768 2311 1035 2386 Romanorum.
1062 2331 1138 2378 rex
1167 2330 1321 2402 semper
1348 2313 1544 2400 Augustus.
1570 2317 1621 2400 et.
1641 2328 1718 2374 rex.
1729 2307 1796 2398 Sy·

423 2406 551 2480 citis.
540 2429 589 2490 rra
606 2419 835 2524 perpetuum.
887 2411 988 2482 Licet
1014 2409 1135 2480 dilecti
1152 2409 1276 2478 fideles
1292 2411 1408 2480 nostri
1422 2409 1604 2500 principes
1617 2405 1794 2476 fidelitate

422 2507 575 2598 obligati
599 2509 689 2581 siot
685 2499 874 2588 ,moritui
899 2521 1023 2588 nostre
1046 2511 1159 2600 regie.
1176 2509 1306 2580 decens
1322 2520 1441 2586 tamen
1457 2505 1795 2580 ethonestumfore

422 2618 644 2698 reputemus.
671 2620 712 2686 ut
736 2611 953 2706 specialibus
979 2631 1042 2682 eos
1075 2610 1370 2706 exhibitionibus.
1405 2621 1444 2682 et
1471 2602 1668 2692 benefactis
1699 2608 1797 2674 exci-

423 2718 551 2789 temus·
576 2709 622 2786 ed
639 2710 868 2800 diligendum
895 2733 962 2785 noe
985 2711 1172 2786 sincerius.
1199 2733 1283 2782 nsrn
1308 2713 1508 2790 lentescere
1523 2709 1617 2784 solet
1633 2707 1794 2778 affectus.

421 2828 529 2902 quem
556 2831 629 2881 non
655 2811 755 2880 fouet
782 2808 1017 2888 familiaritas.
1045 2822 1081 2880 et
1106 2833 1178 2880 non
1206 2812 1325 2880 firmat
1343 2811 1565 2880 beneficium
1597 2819 1661 2878 aut
1693 2807 1796 2876 beni·

303 2966 311 2983 .
421 2910 583 2978 ucleatia
609 2911 814 3002 singularis.
838 2923 1031 3003 pensantes
1057 2933 1147 3002 ergo
1171 2912 1288 2980 ardua
1313 2912 1497 3004 obsequia.
1530 2933 1603 3002 que
1627 2905 1797 2998 Ratiepo·

421 3011 543 3078 nensis
570 3013 719 3080 aeclesia
745 3013 1045 3102 progenitoribus
1069 3013 1207 3081 nostris
1232 3023 1269 3081 et
1295 3011 1402 3082 nobis
1427 3010 1605 3101 impendit
1628 3007 1797 3076 libeliter.

418 3107 732 3224 recompensanda
756 3133 798 3178 ea
825 3113 991 3181 duximus
1017 3133 1081 3180 sue
1104 3110 1297 3200 mouent
1313 3111 1491 3185 beneficio
1506 3109 1666 3200 speciali.
1702 3108 1798 3177 Sane

424 3229 531 3276 omne
547 3209 623 3276 ius.
648 3209 748 3300 quod
774 3206 965 3301 episcopus
990 3211 1263 3301 Ratisponensis
1290 3213 1527 3304 quiscumque
1551 3215 1724 3278 hactenus
1757 3202 1798 3276 in

425 3305 570 3374 ciuitate
596 3309 852 3400 Ratispenensi
889 3313 934 3378 ab
966 3312 1122 3402 Imperio
1157 3313 1291 3406 hebere
1325 3311 1524 3381 consueuit.
1557 3319 1593 3378 et
1627 3311 1797 3378 honestae
1837 3301 1849 3316 “

363 3495 365 3501 Ι
425 3408 711 3478 consuetudines.
741 3433 829 3502 quas
857 3411 963 3480 Ciues
987 3411 1148 3481 eiusdem
1176 3411 1340 3482 Ciuitatis
1373 3421 1506 3480 euentu
1539 3405 1798 3502 qualicumque

367 3525 372 3532 ·
424 3506 470 3575 ad
493 3517 651 3576 nostram
677 3521 895 3600 potestatem
930 3523 1161 3582 retorserant
1196 3513 1327 3581 dilecto
1361 3510 1638 3599 Consanguineo
1670 3518 1799 3578 nostro

426 3608 643 3689 Gbuonrado
668 3611 920 3703 Ratispcnensi
948 3613 1119 3703 episcopo
1147 3611 1437 3703 recognouimus.
1465 3617 1500 3677 et
1516 3609 1622 3700 plena
1639 3604 1799 3678 restitui·

427 3729 518 3775 mus.
544 3711 709 3780 uolentes
735 3714 884 3782 eandem
912 3707 1107 3782 Ciuitatern
1141 3711 1399 3780 uniuersaliter
1430 3708 1497 3777 sub
1534 3708 1683 3802 antiquo
1714 3707 1798 3778 iure

425 3806 545 3897 ipsum
572 3811 763 3900 respicere.
814 3815 973 3906 Imperio
999 3812 1295 3882 concernendam.
1347 3809 1481 3876 Fontes
1507 3804 1801 3901 quoqueSalina·

424 3929 506 3975 rum
532 3918 569 3977 et
595 3914 765 3982 cathmias
790 3915 867 3984 sius
894 3914 1073 3983 materias.
1101 3913 1191 3980 auri.
1216 3907 1367 4000 argenti.
1392 3908 1543 3998 plumbi.
1570 3909 1689 4000 cupri.
1720 3909 1801 3978 siue

423 4007 577 4082 aliorum
602 4018 832 4084 metallorum
858 4015 1116 4104 cuiuscumque
1142 4009 1295 4102 generis.
1322 4008 1359 4082 in
1380 4008 1670 4100 possessionibus
1688 4010 1802 4080 eccle-

422 4104 475 4178 sie
500 4109 858 4205 Ratispoaeasisruel
883 4115 921 4184 in
947 4111 1068 4183 fundis
1094 4130 1323 4204 quocumque
1348 4107 1430 4179 iure
1445 4107 1800 4201 dominatussutpa·
