3864 4728
722 504 727 513 Ι
795 397 920 507 episc.
951 394 1091 484 Patav.
1193 363 1197 370 Ι
1501 485 1518 529 ¹.
1611 417 1640 514 9

259 629 472 716 assaumis
508 627 629 706 miciu'
656 624 794 700 aternu
826 625 1031 715 nobilibus,
1063 621 1389 714 ministerialibus,
1432 631 1638 717 militibus,

261 731 485 817 clientibus,
515 740 550 800 et
575 732 653 798 aliis
671 730 957 822 quibuscumque
976 729 1020 797 ed
1042 729 1113 800 boo
1128 730 1236 798 miehi
1252 728 1499 821 placentibus,
1527 734 1638 808 immo

259 821 359 928 qutid
385 831 499 922 magis
524 839 597 915 eet,
634 825 738 932 quasi
770 849 973 900 cornmune
993 827 1101 900 omni
1122 827 1267 925 populo
1300 837 1340 900 et
1356 829 1520 928 arrigere
1528 857 1637 923 ,acc

260 932 353 1026 ccpi
366 927 574 1028 prandeum
593 927 810 1016 annuatim,
837 928 907 996 Sed
934 929 1018 1022 quia
1043 931 1380 1020 superueniencium
1406 936 1541 1023 plures,
1566 959 1640 1004 om·

259 1033 349 1104 nino
383 1029 461 1102 sine
487 1029 601 1100 laudis
628 1029 808 1114 relacione
831 1027 978 1113 diuina,
1017 1051 1059 1095 ac
1085 1031 1239 1128 humane
1258 1032 1465 1102 subtilitatis
1491 1035 1641 1122 honore,

264 1153 405 1228 perum
423 1126 549 1200 mtirus
567 1126 769 1222 tmpudice,
791 1147 905 1224 quum
922 1123 1099 1200 animalia
1123 1131 1297 1200 latrancia
1323 1129 1480 1200 Latriarn
1505 1131 1642 1203 creato-
1753 1149 1756 1160 ·

259 1231 353 1304 toris
386 1228 622 1322 ydolferendo
656 1239 856 1314 sumentes,
894 1229 1099 1298 oblaciones
1133 1229 1314 1316 fidelium,
1354 1243 1391 1300 et
1426 1233 1640 1306 elemosinas

262 1330 516 1401 defunctorum
543 1327 668 1397 illicite
693 1325 1001 1416 blasphemabant.
1027 1338 1063 1396 et
1089 1350 1135 1395 ex
1160 1331 1228 1396 hoc
1254 1330 1322 1420 ipsi
1349 1332 1503 1422 plebano
1527 1335 1642 1406 maius

125 1475 135 1499 .
260 1428 518 1502 sollicitudinis
550 1427 738 1496 oriebatur
774 1427 1025 1513 incomodom,
1063 1438 1099 1495 et
1134 1429 1344 1498 substancia
1379 1433 1643 1526 intolerabilius

260 1531 370 1600 irruit
397 1529 671 1613 detrimentum,
696 1527 804 1620 quim
830 1526 911 1614 mei,
939 1526 1123 1616 profectus
1147 1531 1263 1618 copia,
1288 1530 1346 1598 vel
1370 1525 1466 1606 lama
1493 1531 1641 1605 honoria
1770 1587 1782 1596 .

258 1628 491 1722 aliquatenus
511 1637 723 1720 augeretur.
778 1625 895 1716 Super
907 1647 980 1720 qno
998 1627 1206 1716 concipiens
1225 1630 1642 1702 creberrimeconacion·

265 1731 358 1800 ciam
386 1751 458 1801 non
485 1727 642 1808 illesam,
678 1725 831 1794 sanioris
856 1721 966 1794 animi
994 1725 1191 1794 deuocione
1216 1741 1354 1815 motus,
1380 1751 1420 1798 ac
1448 1732 1643 1800 honorabi-

258 1832 309 1900 lis
342 1825 410 1898 viri
445 1827 580 1896 domini
607 1825 789 1914 Ruedgeri
816 1835 901 1894 tuno
925 1827 1099 1915 temporis
1126 1825 1285 1916 ejusdem
1311 1828 1462 1899 ecclesis
1488 1829 1644 1922 plebani,
1762 1839 1766 1849 '

263 1925 523 2021 prouidencia,
563 1936 599 1995 et
624 1925 806 1994 Fidelibue
841 1925 986 1994 monitis
1011 1938 1247 2016 prouocatus,
1283 1949 1357 1996 non
1382 1930 1499 2000 minus
1525 1931 1571 2000 ab
1599 1951 1643 2000 co

260 2030 415 2123 pecunia
447 2026 711 2097 consolacionis
746 2034 914 2115 recepta,
958 2047 1028 2116 que
1054 2021 1131 2093 Sibi
1165 2028 1252 2096 satis
1288 2027 1410 2118 grauis
1440 2030 1559 2102 extitit
1594 2031 1641 2102 ad

255 2129 491 2214 ‚soluendunu
517 2137 553 2196 ct
581 2148 688 2218 quam
715 2145 788 2215 ego
810 2133 995 2214 gratanter
1019 2134 1055 2192 et
1082 2124 1279 2194 deliberato
1306 2129 1426 2198 animo
1443 2131 1639 2220 acceptaui,

259 2229 440 2322 simulque
462 2247 673 2317 ‘precavens
707 2226 744 2292 in
775 2219 959 2306 futurum,
998 2245 1044 2292 ne
1079 2226 1168 2294 meis
1195 2237 1231 2296 et
1258 2227 1466 2298 Successiuo
1492 2249 1641 2320 genera·

260 2329 375 2398 cionis
401 2343 480 2400 mae
506 2326 667 2410 auribus,
691 2325 729 2392 in
755 2322 814 2392 die
838 2323 958 2414 magni
984 2333 1019 2391 et
1043 2323 1269 2410 ineuitabilis·
1288 2327 1423 2422 iudicii,
1450 2339 1533 2398 ante
1559 2349 1641 2398 con·
1700 2348 1707 2359 ’

259 2439 426 2521 spectato
451 2427 727 2518 perscrutateris
752 2415 936 2508 cordium,
963 2423 1115 2493 verbnm
1141 2425 1230 2494 illud
1255 2425 1561 2519 improperiosum
1588 2431 1640 2497 in·
1714 2455 1719 2466 ·
1811 2421 1816 2436 '

259 2540 383 2614 sonet,
409 2529 585 2618 prophete
612 2523 866 2611 sic‘dicentis,
891 2523 1029 2592 iniciati
1055 2537 1139 2594 sunt
1165 2528 1388 2618 beelphegor
1414 2537 1451 2600 st
1475 2527 1638 2600 comeda·

260 2626 557 2702 runtvSacnificia
589 2637 836 2710 mortuorum,
874 2624 1138 2693 deliberacione
1172 2625 1291 2696 debita
1315 2637 1352 2696 et
1377 2621 1531 2696 discreta
1558 2628 1640 2696 cunt

261 2729 386 2799 amicis
413 2724 448 2797 e't
474 2725 712 2794 familiaribus
739 2722 944 2812 prehabita,
971 2743 1039 2814 ego
1065 2746 1135 2794 rna
1161 2745 1241 2793 cuca
1267 2745 1392 2796 crore
1412 2723 1639 2820 msc-chse

260 2826 301 2898 Ia
314 2851 328 2912 ,¹
362 2837 401 2897 ct
427 2821 536 2896 Ficta
561 2822 656 2894 mets
688 2817 846 2892 Ortbbo.
896 2817 1102 2891 Alberone.
1152 2819 1364 2893 Hudmoro.
1418 2823 1637 2895 Wtetrardo.

261 2938 302 2999 et
335 2926 470 2997 cunctis
507 2921 738 3018 generacioni
773 2943 852 2990 mee
889 2919 1152 3008 adtinentibus,
1189 2923 1261 2990 iam
1284 2921 1613 3014 ¹Supe1·viuentibus
1626 2974 1639 3012 ,η

261 3037 324 3098 aut
358 3047 426 3119 pro
459 3027 694 3116 imposterum
721 3021 978 3114 Surgentibus,
1016 3043 1062 3090 ex
1084 3043 1182 3090 nunc
1209 3023 1257 3090 ob
1284 3019 1484 3092 remedium
1510 3023 1642 3092 anima·

261 3151 363 3214 rum,
405 3137 476 3195 tam
513 3124 807 3214 predecessorum
845 3144 954 3214 quam
988 3131 1024 3190 ct
1058 3123 1285 3212 presencium
1318 3117 1639 3204 et,Succes's'orum

171 3255 177 3265 ·
251 3225 509 3313 ·meorum„in
531 3245 660 3292 manus
686 3221 838 3314 predicti
864 3219 1000 3290 domini
1026 3221 1186 3312 liudgeri
1211 3223 1378 3314 plebani,
1402 3221 1639 3294 subtnomine

253 3327 436 3399 antedicti
462 3324 683 3396 Petauicnsis
708 3322 886 3412 Capituli,
908 3322 1222 3395 'consuetudinem
1248 3321 1339 3390 han'c
1366 3323 1401 3390 in
1429 3325 1640 3414 accipiendo

262 3427 455 3519 prandium
489 3427 662 3506 hactenus
697 3422 874 3508 habitam,
912 3419 1145 3511 presentibus
1171 3419 1343 3511 dominis,
1383 3417 1568 3512 Meingoto
1595 3423 1640 3494 ds

264 3524 605 3609 Waldek'seniore,
638 3532 673 3592 ct
698 3522 870 3612 Pilgrimo
896 3519 941 3588 de
967 3520 1131 3610 Capella,
1158 3531 1193 3588 et
1218 3522 1404 3612 Meingotc
1430 3523 1571 3592 iuniore
1596 3521 1641 3592 ds

264 3625 441 3711 waldon,
476 3621 699 3692 Patauiensis
734 3619 894 3704 Ecclesia
921 3619 1130 3705 canonicis,
1165 3622 1262 3688 omni
1296 3613 1517 3713 repeticione
1545 3632 1641 3710 post·

264 3727 407 3819 posita,
469 3733 621 3813 erpetuo
645 3718 691 3789 'in
726 3720 796 3810 hijs
822 3718 991 3810 Scriptis,
1030 3719 1140 3786 beato
1165 3713 1348 3810 Stephano
1382 3721 1493 3790 offero
1528 3731 1564 3788 et
1588 3715 1644 3798 ie·

221 3896 231 3913 Ι
266 3827 383 3916 signo.
433 3746 549 3891 libne
575 3823 621 3890 ab
645 3818 962 3910 hujussalutiiere
987 3817 1197 3888 decurionis
1223 3831 1329 3906 voto,
1355 3817 1558 3911 apostatare
1586 3815 1643 3890 va·

267 3929 379 4008 leam,
422 3933 484 3992 aut
519 3943 566 3989 ne
591 3919 728 4012 ‘aliquia
764 3926 1013 3989 successorum
1039 3919 1224 4005 meorum,
1261 3923 1330 3987 hoc
1352 3923 1473 3987 actum
1501 3918 1641 3988 cassare

266 4045 331 4094 sev
356 4022 573 4112 intringere,
587 4033 591 4041 '
606 4021 835 4108 adtemptare·
856 4014 1133 4109 presumpserit,
1147 4019 1215 4086 ad·
1230 4017 1492 4108 precauendam
1518 4007 1641 4084 iniric'·

253 4121 384 4194 cionis
411 4124 607 4206 cautelam,
643 4121 748 4187 illum
774 4117 965 4188 articulum
991 4117 1222 4212 superaddo,
1252 4117 1303 4204 ita
1312 4118 1328 4205 ,¹
1360 4118 1640 4210 etquicunque

322 4245 390 4294 flor.
405 4243 470 4291 sese.
485 4245 541 4292 set.
555 4245 619 4290 ΧΠ.
636 4255 677 4288 ιιι
692 4242 837 4289 sebastiani·
855 4253 929 4288 saraa
945 4239 989 4284 uu
1255 4231 1257 4236 ’
1405 4225 1451 4324 2ἶ
1489 4305 1497 4320 ·
1556 4289 1607 4321 ..³
1624 4274 1644 4319 ,ς
