<?xml version="1.0" encoding="UTF-8"?>
<!DOCTYPE html PUBLIC "-//W3C//DTD XHTML 1.0 Transitional//EN"
    "http://www.w3.org/TR/xhtml1/DTD/xhtml1-transitional.dtd">
<html xmlns="http://www.w3.org/1999/xhtml" xml:lang="en" lang="en">
 <head>
  <title>
</title>
<meta http-equiv="Content-Type" content="text/html;charset=utf-8" />
  <meta name='ocr-system' content='tesseract 3.04.00' />
  <meta name='ocr-capabilities' content='ocr_page ocr_carea ocr_par ocr_line ocrx_word'/>
</head>
<body>
  <div class='ocr_page' id='page_1' title='image "./monumentaboicae22landgoog_0495.png"; bbox 0 0 3864 4728; ppageno 0'>
   <div class='ocr_carea' id='block_1_1' title="bbox 760 265 1595 438">
    <p class='ocr_par' dir='ltr' id='par_1_1' title="bbox 760 265 1595 438">
     <span class='ocr_line' id='line_1_1' title="bbox 760 265 1595 438; baseline 0.005 -28"><span class='ocrx_word' id='word_1_1' title='bbox 760 322 885 436; x_wconf 79' lang='lat' dir='ltr'><strong>rpis&#39;r.</strong></span> <span class='ocrx_word' id='word_1_2' title='bbox 917 287 1057 412; x_wconf 81' lang='lat' dir='ltr'><strong>Pater.</strong></span> <span class='ocrx_word' id='word_1_3' title='bbox 1488 265 1495 284; x_wconf 28' lang='grc' dir='ltr'><strong>ι</strong></span> <span class='ocrx_word' id='word_1_4' title='bbox 1538 337 1595 438; x_wconf 81' lang='lat' dir='ltr'><strong>lt)</strong></span> 
     </span>
    </p>
   </div>
   <div class='ocr_carea' id='block_1_2' title="bbox 218 551 1598 951">
    <p class='ocr_par' dir='ltr' id='par_1_2' title="bbox 218 551 1596 951">
     <span class='ocr_line' id='line_1_2' title="bbox 219 551 1596 647; baseline -0.002 -14"><span class='ocrx_word' id='word_1_5' title='bbox 219 554 464 634; x_wconf 76' lang='lat' dir='ltr'><strong>sinceramin</strong></span> <span class='ocrx_word' id='word_1_6' title='bbox 490 559 639 631; x_wconf 89' lang='lat' dir='ltr'><strong>domino</strong></span> <span class='ocrx_word' id='word_1_7' title='bbox 663 559 872 647; x_wconf 70' lang='lat' dir='ltr'><strong>karitatem,</strong></span> <span class='ocrx_word' id='word_1_8' title='bbox 901 559 1042 630; x_wconf 85' lang='lat' dir='ltr'><strong>Dilecto</strong></span> <span class='ocrx_word' id='word_1_9' title='bbox 1067 551 1172 631; x_wconf 88' lang='lat' dir='ltr'><strong>uobis</strong></span> <span class='ocrx_word' id='word_1_10' title='bbox 1196 557 1233 628; x_wconf 89' lang='lat' dir='ltr'><strong>in</strong></span> <span class='ocrx_word' id='word_1_11' title='bbox 1261 557 1404 630; x_wconf 84' lang='lat' dir='ltr'><strong>Christe</strong></span> <span class='ocrx_word' id='word_1_12' title='bbox 1429 557 1596 630; x_wconf 90' lang='lat' dir='ltr'><strong>Domino</strong></span> 
     </span>
     <span class='ocr_line' id='line_1_3' title="bbox 227 656 1598 778; baseline -0.003 -44"><span class='ocrx_word' id='word_1_13' title='bbox 227 659 374 734; x_wconf 85' lang='lat' dir='ltr'><strong>Ottone</strong></span> <span class='ocrx_word' id='word_1_14' title='bbox 396 656 562 750; x_wconf 79' lang='lat' dir='ltr'><em>plebano</em></span> <span class='ocrx_word' id='word_1_15' title='bbox 587 659 716 730; x_wconf 84' lang='lat' dir='ltr'><strong>suncti</strong></span> <span class='ocrx_word' id='word_1_16' title='bbox 738 657 937 754; x_wconf 68' lang='lat' dir='ltr'><strong>Egydy&#39;</strong></span> <span class='ocrx_word' id='word_1_17' title='bbox 921 681 960 730; x_wconf 85' lang='grc' dir='ltr'><strong>ιιι</strong></span> <span class='ocrx_word' id='word_1_18' title='bbox 982 661 1154 778; x_wconf 81' lang='lat' dir='ltr'><strong>putuoin,</strong></span> <span class='ocrx_word' id='word_1_19' title='bbox 1180 662 1417 750; x_wconf 80' lang='lat' dir='ltr'><strong>cognouimus</strong></span> <span class='ocrx_word' id='word_1_20' title='bbox 1443 681 1598 752; x_wconf 85' lang='lat' dir='ltr'><strong>conque·</strong></span> 
     </span>
     <span class='ocr_line' id='line_1_4' title="bbox 218 759 1593 854; baseline -0.003 -22"><span class='ocrx_word' id='word_1_21' title='bbox 218 771 340 850; x_wconf 83' lang='lat' dir='ltr'><strong>rente,</strong></span> <span class='ocrx_word' id='word_1_22' title='bbox 379 759 476 854; x_wconf 82' lang='lat' dir='ltr'><strong>quod</strong></span> <span class='ocrx_word' id='word_1_23' title='bbox 513 761 657 852; x_wconf 89' lang='lat' dir='ltr'><strong>quidam</strong></span> <span class='ocrx_word' id='word_1_24' title='bbox 686 761 876 830; x_wconf 74' lang='lat' dir='ltr'>fridericus</span> <span class='ocrx_word' id='word_1_25' title='bbox 900 762 1066 846; x_wconf 86' lang='lat' dir='ltr'><strong>nemine,</strong></span> <span class='ocrx_word' id='word_1_26' title='bbox 1106 760 1222 829; x_wconf 89' lang='lat' dir='ltr'><strong>dietus</strong></span> <span class='ocrx_word' id='word_1_27' title='bbox 1251 759 1567 828; x_wconf 75' lang='grc' dir='ltr'><strong>θοιιιιιιιιιὶοιιιι·</strong></span> <span class='ocrx_word' id='word_1_28' title='bbox 1557 784 1593 828; x_wconf 91' lang='grc' dir='ltr'><strong>ιιι</strong></span> 
     </span>
     <span class='ocr_line' id='line_1_5' title="bbox 220 853 1594 951; baseline -0.004 -19"><span class='ocrx_word' id='word_1_29' title='bbox 220 855 425 932; x_wconf 75' lang='lat' dir='ltr'><strong>Stoclratol</strong></span> <span class='ocrx_word' id='word_1_30' title='bbox 457 861 633 946; x_wconf 84' lang='lat' dir='ltr'><strong>resideas,</strong></span> <span class='ocrx_word' id='word_1_31' title='bbox 667 857 899 951; x_wconf 73' lang='lat' dir='ltr'><strong>plebesanos</strong></span> <span class='ocrx_word' id='word_1_32' title='bbox 922 858 1088 930; x_wconf 71' lang='lat' dir='ltr'><strong>eoelestis</strong></span> <span class='ocrx_word' id='word_1_33' title='bbox 1109 855 1241 929; x_wconf 76' lang='lat' dir='ltr'><strong>mneti</strong></span> <span class='ocrx_word' id='word_1_34' title='bbox 1264 853 1456 951; x_wconf 74' lang='lat' dir='ltr'><strong>Sceptrone</strong></span> <span class='ocrx_word' id='word_1_35' title='bbox 1475 877 1594 944; x_wconf 82' lang='lat' dir='ltr'><strong>anper</strong></span> 
     </span>
    </p>
   </div>
   <div class='ocr_carea' id='block_1_3' title="bbox 217 939 1833 1050">
    <p class='ocr_par' dir='ltr' id='par_1_3' title="bbox 217 939 1833 1050">
     <span class='ocr_line' id='line_1_6' title="bbox 217 939 1833 1050; baseline -0.003 -22"><span class='ocrx_word' id='word_1_36' title='bbox 217 959 422 1034; x_wconf 70' lang='lat' dir='ltr'><strong>tenebratis</strong></span> <span class='ocrx_word' id='word_1_37' title='bbox 443 970 609 1050; x_wconf 89' lang='lat' dir='ltr'><strong>quartam</strong></span> <span class='ocrx_word' id='word_1_38' title='bbox 636 973 774 1049; x_wconf 77' lang='lat' dir='ltr'><strong>partem</strong></span> <span class='ocrx_word' id='word_1_39' title='bbox 801 965 979 1050; x_wconf 76' lang='lat' dir='ltr'>Agrorum</span> <span class='ocrx_word' id='word_1_40' title='bbox 1005 959 1148 1028; x_wconf 80' lang='lat' dir='ltr'><strong>curie</strong></span> <span class='ocrx_word' id='word_1_41' title='bbox 1138 983 1174 1030; x_wconf 87' lang='lat' dir='ltr'><strong>m</strong></span> <span class='ocrx_word' id='word_1_42' title='bbox 1202 961 1388 1043; x_wconf 82' lang='lat' dir='ltr'><strong>Stochstal‚</strong></span> <span class='ocrx_word' id='word_1_43' title='bbox 1415 961 1596 1050; x_wconf 85' lang='lat' dir='ltr'><strong>pertinen·</strong></span> <span class='ocrx_word' id='word_1_44' title='bbox 1623 1019 1640 1034; x_wconf 74' lang='lat'><em>,</em></span> <span class='ocrx_word' id='word_1_45' title='bbox 1755 993 1757 1006; x_wconf 93' lang='lat'><em>·</em></span> <span class='ocrx_word' id='word_1_46' title='bbox 1825 939 1833 948; x_wconf 54' lang='lat'>¹</span> 
     </span>
    </p>
   </div>
   <div class='ocr_carea' id='block_1_4' title="bbox 209 1058 1597 1748">
    <p class='ocr_par' dir='ltr' id='par_1_4' title="bbox 214 1058 1597 1748">
     <span class='ocr_line' id='line_1_7' title="bbox 216 1058 1597 1152; baseline 0 -26"><span class='ocrx_word' id='word_1_47' title='bbox 216 1061 264 1128; x_wconf 88' lang='lat' dir='ltr'><strong>tis</strong></span> <span class='ocrx_word' id='word_1_48' title='bbox 301 1058 346 1126; x_wconf 88' lang='lat' dir='ltr'><strong>ad</strong></span> <span class='ocrx_word' id='word_1_49' title='bbox 379 1060 568 1127; x_wconf 85' lang='lat' dir='ltr'><strong>ecclesiam</strong></span> <span class='ocrx_word' id='word_1_50' title='bbox 600 1061 713 1130; x_wconf 87' lang='lat' dir='ltr'><strong>sancti</strong></span> <span class='ocrx_word' id='word_1_51' title='bbox 740 1060 894 1152; x_wconf 86' lang='lat' dir='ltr'><strong>Egydy,</strong></span> <span class='ocrx_word' id='word_1_52' title='bbox 932 1071 969 1128; x_wconf 85' lang='lat' dir='ltr'><strong>et</strong></span> <span class='ocrx_word' id='word_1_53' title='bbox 1001 1058 1296 1152; x_wconf 71' lang='lat' dir='ltr'><strong>procurationem</strong></span> <span class='ocrx_word' id='word_1_54' title='bbox 1321 1079 1522 1148; x_wconf 89' lang='lat' dir='ltr'><strong>pauperum</strong></span> <span class='ocrx_word' id='word_1_55' title='bbox 1547 1061 1597 1126; x_wconf 85' lang='lat' dir='ltr'><strong>le·</strong></span> 
     </span>
     <span class='ocr_line' id='line_1_8' title="bbox 218 1155 1595 1274; baseline 0.001 -49"><span class='ocrx_word' id='word_1_56' title='bbox 218 1177 412 1274; x_wconf 78' lang='lat' dir='ltr'><strong>procorum</strong></span> <span class='ocrx_word' id='word_1_57' title='bbox 439 1155 573 1227; x_wconf 82' lang='lat' dir='ltr'>ibidem</span> <span class='ocrx_word' id='word_1_58' title='bbox 600 1161 803 1249; x_wconf 82' lang='lat' dir='ltr'><strong>occupauit,</strong></span> <span class='ocrx_word' id='word_1_59' title='bbox 827 1170 864 1227; x_wconf 87' lang='lat' dir='ltr'><strong>et</strong></span> <span class='ocrx_word' id='word_1_60' title='bbox 888 1158 1013 1244; x_wconf 87' lang='lat' dir='ltr'><strong>tenuit,</strong></span> <span class='ocrx_word' id='word_1_61' title='bbox 1041 1159 1220 1228; x_wconf 83' lang='lat' dir='ltr'><strong>violenter.</strong></span> <span class='ocrx_word' id='word_1_62' title='bbox 1245 1167 1281 1226; x_wconf 86' lang='lat' dir='ltr'><strong>et</strong></span> <span class='ocrx_word' id='word_1_63' title='bbox 1296 1159 1437 1244; x_wconf 78' lang='lat' dir='ltr'><strong>friuola</strong></span> <span class='ocrx_word' id='word_1_64' title='bbox 1466 1167 1595 1226; x_wconf 86' lang='lat' dir='ltr'><strong>contra</strong></span> 
     </span>
     <span class='ocr_line' id='line_1_9' title="bbox 217 1255 1597 1349; baseline 0.001 -25"><span class='ocrx_word' id='word_1_65' title='bbox 217 1255 393 1328; x_wconf 89' lang='lat' dir='ltr'><strong>iustitiam</strong></span> <span class='ocrx_word' id='word_1_66' title='bbox 419 1260 660 1343; x_wconf 85' lang='lat' dir='ltr'><strong>voluntatem,</strong></span> <span class='ocrx_word' id='word_1_67' title='bbox 685 1270 742 1327; x_wconf 91' lang='lat' dir='ltr'><strong>et</strong></span> <span class='ocrx_word' id='word_1_68' title='bbox 747 1278 954 1346; x_wconf 80' lang='lat' dir='ltr'><strong>ascensum,</strong></span> <span class='ocrx_word' id='word_1_69' title='bbox 979 1260 1238 1349; x_wconf 85' lang='lat' dir='ltr'><strong>plebanorum,</strong></span> <span class='ocrx_word' id='word_1_70' title='bbox 1265 1277 1411 1328; x_wconf 87' lang='lat' dir='ltr'><strong>auorum</strong></span> <span class='ocrx_word' id='word_1_71' title='bbox 1439 1266 1597 1330; x_wconf 85' lang='lat' dir='ltr'><strong>auteces-</strong></span> 
     </span>
     <span class='ocr_line' id='line_1_10' title="bbox 214 1357 1597 1450; baseline 0 -24"><span class='ocrx_word' id='word_1_72' title='bbox 214 1363 366 1438; x_wconf 78' lang='lat' dir='ltr'><strong>&#39;sorum</strong></span> <span class='ocrx_word' id='word_1_73' title='bbox 393 1377 557 1428; x_wconf 88' lang='lat' dir='ltr'><strong>necnon</strong></span> <span class='ocrx_word' id='word_1_74' title='bbox 583 1359 696 1449; x_wconf 85' lang='lat' dir='ltr'><strong>ipsius</strong></span> <span class='ocrx_word' id='word_1_75' title='bbox 721 1357 857 1426; x_wconf 76' lang='lat' dir='ltr'><strong>demini</strong></span> <span class='ocrx_word' id='word_1_76' title='bbox 878 1358 1021 1428; x_wconf 84' lang='lat' dir='ltr'><strong>Ottonis</strong></span> <span class='ocrx_word' id='word_1_77' title='bbox 1047 1357 1199 1448; x_wconf 78' lang='lat' dir='ltr'><strong>predicti</strong></span> <span class='ocrx_word' id='word_1_78' title='bbox 1224 1357 1369 1450; x_wconf 76' lang='lat' dir='ltr'><strong>plebani</strong></span> <span class='ocrx_word' id='word_1_79' title='bbox 1395 1357 1511 1425; x_wconf 83' lang='lat' dir='ltr'><strong>adbuc</strong></span> <span class='ocrx_word' id='word_1_80' title='bbox 1536 1359 1597 1426; x_wconf 85' lang='lat' dir='ltr'><strong>bo·</strong></span> 
     </span>
     <span class='ocr_line' id='line_1_11' title="bbox 209 1449 1595 1552; baseline 0.001 -28.004"><span class='ocrx_word' id='word_1_81' title='bbox 209 1449 276 1526; x_wconf 84' lang='lat' dir='ltr'><strong>¹die</strong></span> <span class='ocrx_word' id='word_1_82' title='bbox 301 1455 438 1526; x_wconf 83' lang='lat' dir='ltr'><strong>detinet</strong></span> <span class='ocrx_word' id='word_1_83' title='bbox 463 1467 499 1525; x_wconf 89' lang='lat' dir='ltr'><strong>ct</strong></span> <span class='ocrx_word' id='word_1_84' title='bbox 516 1463 698 1549; x_wconf 80' lang='lat' dir='ltr'><strong>&#39;‚oecupat</strong></span> <span class='ocrx_word' id='word_1_85' title='bbox 730 1457 889 1526; x_wconf 82' lang='lat' dir='ltr'><strong>indebite</strong></span> <span class='ocrx_word' id='word_1_86' title='bbox 913 1457 1035 1528; x_wconf 86' lang='lat' dir='ltr'><strong>animo</strong></span> <span class='ocrx_word' id='word_1_87' title='bbox 1056 1457 1245 1542; x_wconf 83' lang='lat' dir='ltr'><strong>indurato,</strong></span> <span class='ocrx_word' id='word_1_88' title='bbox 1279 1475 1405 1526; x_wconf 82' lang='lat' dir='ltr'><strong>verum</strong></span> <span class='ocrx_word' id='word_1_89' title='bbox 1431 1457 1595 1552; x_wconf 87' lang='lat' dir='ltr'><strong>predicto</strong></span> 
     </span>
     <span class='ocr_line' id='line_1_12' title="bbox 218 1551 1593 1646; baseline 0.002 -24"><span class='ocrx_word' id='word_1_90' title='bbox 218 1555 386 1644; x_wconf 86' lang='lat' dir='ltr'><strong>domino,</strong></span> <span class='ocrx_word' id='word_1_91' title='bbox 415 1555 548 1629; x_wconf 82' lang='lat' dir='ltr'><strong>Ottoue</strong></span> <span class='ocrx_word' id='word_1_92' title='bbox 572 1579 639 1646; x_wconf 89' lang='lat' dir='ltr'><strong>pro</strong></span> <span class='ocrx_word' id='word_1_93' title='bbox 666 1555 870 1625; x_wconf 79' lang='lat' dir='ltr'><strong>huiuamodi</strong></span> <span class='ocrx_word' id='word_1_94' title='bbox 897 1551 1041 1626; x_wconf 75' lang='lat' dir='ltr'><strong>iniubiia</strong></span> <span class='ocrx_word' id='word_1_95' title='bbox 1065 1557 1182 1626; x_wconf 85' lang='lat' dir='ltr'><strong>eidem</strong></span> <span class='ocrx_word' id='word_1_96' title='bbox 1208 1557 1381 1626; x_wconf 83' lang='lat' dir='ltr'><strong>friderico</strong></span> <span class='ocrx_word' id='word_1_97' title='bbox 1405 1557 1593 1626; x_wconf 72' lang='lat' dir='ltr'><strong>instantiae</strong></span> 
     </span>
     <span class='ocr_line' id='line_1_13' title="bbox 216 1653 1596 1748; baseline -0.001 -21"><span class='ocrx_word' id='word_1_98' title='bbox 216 1653 389 1740; x_wconf 79' lang='lat' dir='ltr'><strong>iaciente,</strong></span> <span class='ocrx_word' id='word_1_99' title='bbox 414 1656 494 1746; x_wconf 88' lang='lat' dir='ltr'><strong>lpse</strong></span> <span class='ocrx_word' id='word_1_100' title='bbox 521 1657 704 1747; x_wconf 85' lang='lat' dir='ltr'><strong>predictus</strong></span> <span class='ocrx_word' id='word_1_101' title='bbox 728 1657 918 1724; x_wconf 77' lang='lat' dir='ltr'><strong>fridericus</strong></span> <span class='ocrx_word' id='word_1_102' title='bbox 942 1657 1097 1726; x_wconf 80' lang='lat' dir='ltr'><strong>bsaernit</strong></span> <span class='ocrx_word' id='word_1_103' title='bbox 1116 1676 1242 1726; x_wconf 80' lang='lat' dir='ltr'><strong>coram</strong></span> <span class='ocrx_word' id='word_1_104' title='bbox 1270 1655 1428 1742; x_wconf 87' lang='lat' dir='ltr'><strong>domino,</strong></span> <span class='ocrx_word' id='word_1_105' title='bbox 1455 1655 1496 1722; x_wconf 80' lang='lat' dir='ltr'><strong>lt.</strong></span> <span class='ocrx_word' id='word_1_106' title='bbox 1524 1657 1596 1748; x_wconf 75' lang='lat' dir='ltr'><strong>ple·</strong></span> 
     </span>
    </p>
   </div>
   <div class='ocr_carea' id='block_1_5' title="bbox 217 1753 1719 1848">
    <p class='ocr_par' dir='ltr' id='par_1_5' title="bbox 217 1753 1719 1848">
     <span class='ocr_line' id='line_1_14' title="bbox 217 1753 1719 1848; baseline 0.001 -26"><span class='ocrx_word' id='word_1_107' title='bbox 217 1753 351 1822; x_wconf 88' lang='lat' dir='ltr'><strong>bano&#39;</strong></span> <span class='ocrx_word' id='word_1_108' title='bbox 341 1778 378 1824; x_wconf 90' lang='grc' dir='ltr'><strong>ιιι</strong></span> <span class='ocrx_word' id='word_1_109' title='bbox 404 1757 739 1846; x_wconf 85' lang='lat' dir='ltr'><strong>sanctoStephano,</strong></span> <span class='ocrx_word' id='word_1_110' title='bbox 767 1753 912 1848; x_wconf 88' lang='lat' dir='ltr'><strong>suisque</strong></span> <span class='ocrx_word' id='word_1_111' title='bbox 938 1757 1046 1828; x_wconf 84' lang='lat' dir='ltr'><strong>sociis</strong></span> <span class='ocrx_word' id='word_1_112' title='bbox 1072 1766 1107 1824; x_wconf 85' lang='lat' dir='ltr'><strong>et</strong></span> <span class='ocrx_word' id='word_1_113' title='bbox 1132 1755 1270 1824; x_wconf 83' lang='lat' dir='ltr'><strong>familia</strong></span> <span class='ocrx_word' id='word_1_114' title='bbox 1296 1767 1331 1824; x_wconf 91' lang='lat' dir='ltr'><strong>et</strong></span> <span class='ocrx_word' id='word_1_115' title='bbox 1358 1758 1436 1825; x_wconf 84' lang='lat' dir='ltr'><strong>aliis</strong></span> <span class='ocrx_word' id='word_1_116' title='bbox 1462 1757 1594 1840; x_wconf 83' lang='lat' dir='ltr'><strong>multis,</strong></span> <span class='ocrx_word' id='word_1_117' title='bbox 1714 1820 1719 1830; x_wconf 89' lang='grc'>,</span> 
     </span>
    </p>
   </div>
   <div class='ocr_carea' id='block_1_6' title="bbox 214 1852 1598 2343">
    <p class='ocr_par' dir='ltr' id='par_1_6' title="bbox 214 1852 1598 2343">
     <span class='ocr_line' id='line_1_15' title="bbox 218 1852 1597 1948; baseline 0.001 -28"><span class='ocrx_word' id='word_1_118' title='bbox 218 1852 321 1945; x_wconf 83' lang='lat' dir='ltr'><strong>quod</strong></span> <span class='ocrx_word' id='word_1_119' title='bbox 344 1864 518 1945; x_wconf 86' lang='lat' dir='ltr'><strong>tempore.</strong></span> <span class='ocrx_word' id='word_1_120' title='bbox 572 1855 750 1924; x_wconf 89' lang='lat' dir='ltr'><strong>Chvnradi</strong></span> <span class='ocrx_word' id='word_1_121' title='bbox 776 1855 920 1924; x_wconf 86' lang='lat' dir='ltr'><strong>mutarii</strong></span> <span class='ocrx_word' id='word_1_122' title='bbox 946 1857 1010 1946; x_wconf 88' lang='lat' dir='ltr'><strong>pie</strong></span> <span class='ocrx_word' id='word_1_123' title='bbox 1031 1857 1215 1941; x_wconf 76' lang='lat' dir='ltr'><strong>memorie,</strong></span> <span class='ocrx_word' id='word_1_124' title='bbox 1242 1855 1423 1948; x_wconf 88' lang='lat' dir='ltr'><strong>quondam</strong></span> <span class='ocrx_word' id='word_1_125' title='bbox 1451 1855 1597 1945; x_wconf 84' lang='lat' dir='ltr'><strong>plebani</strong></span> 
     </span>
     <span class='ocr_line' id='line_1_16' title="bbox 218 1953 1595 2048; baseline -0.002 -23"><span class='ocrx_word' id='word_1_126' title='bbox 218 1953 332 2032; x_wconf 80' lang='lat' dir='ltr'><strong>sancti</strong></span> <span class='ocrx_word' id='word_1_127' title='bbox 367 1954 495 2048; x_wconf 78' lang='lat' dir='ltr'><strong>Egydy</strong></span> <span class='ocrx_word' id='word_1_128' title='bbox 521 1956 683 2040; x_wconf 82' lang='lat' dir='ltr'><strong>Pataris,</strong></span> <span class='ocrx_word' id='word_1_129' title='bbox 720 1955 961 2024; x_wconf 79' lang='lat' dir='ltr'><strong>mediantibus</strong></span> <span class='ocrx_word' id='word_1_130' title='bbox 993 1955 1163 2044; x_wconf 88' lang='lat' dir='ltr'><strong>precibus</strong></span> <span class='ocrx_word' id='word_1_131' title='bbox 1197 1957 1333 2023; x_wconf 83' lang='lat' dir='ltr'><strong>auxilio</strong></span> <span class='ocrx_word' id='word_1_132' title='bbox 1368 1965 1403 2024; x_wconf 88' lang='lat' dir='ltr'><strong>et</strong></span> <span class='ocrx_word' id='word_1_133' title='bbox 1444 1957 1595 2028; x_wconf 82' lang='lat' dir='ltr'><strong>consilio</strong></span> 
     </span>
     <span class='ocr_line' id='line_1_17' title="bbox 218 2051 1598 2139; baseline 0.001 -19"><span class='ocrx_word' id='word_1_134' title='bbox 218 2053 396 2120; x_wconf 80' lang='lat' dir='ltr'><strong>nobilium</strong></span> <span class='ocrx_word' id='word_1_135' title='bbox 430 2053 681 2122; x_wconf 81' lang='lat' dir='ltr'><strong>Dominarum.</strong></span> <span class='ocrx_word' id='word_1_136' title='bbox 715 2055 852 2124; x_wconf 88' lang='lat' dir='ltr'><strong>domini</strong></span> <span class='ocrx_word' id='word_1_137' title='bbox 875 2051 1025 2124; x_wconf 82' lang='lat' dir='ltr'><strong>Ortlrba</strong></span> <span class='ocrx_word' id='word_1_138' title='bbox 1044 2055 1230 2139; x_wconf 87' lang='lat' dir='ltr'><strong>videlicet,</strong></span> <span class='ocrx_word' id='word_1_139' title='bbox 1263 2067 1300 2122; x_wconf 89' lang='lat' dir='ltr'><strong>et</strong></span> <span class='ocrx_word' id='word_1_140' title='bbox 1325 2051 1460 2122; x_wconf 87' lang='lat' dir='ltr'><strong>domitii</strong></span> <span class='ocrx_word' id='word_1_141' title='bbox 1488 2051 1598 2123; x_wconf 72' lang='lat' dir='ltr'><strong>Hero</strong></span> 
     </span>
     <span class='ocr_line' id='line_1_18' title="bbox 214 2145 1596 2253; baseline 0.001 -34"><span class='ocrx_word' id='word_1_142' title='bbox 214 2145 516 2245; x_wconf 73' lang='lat' dir='ltr'><strong>monstratrum</strong></span> <span class='ocrx_word' id='word_1_143' title='bbox 542 2151 590 2222; x_wconf 85' lang='lat' dir='ltr'><strong>de</strong></span> <span class='ocrx_word' id='word_1_144' title='bbox 611 2151 783 2240; x_wconf 79' lang='lat' dir='ltr'><strong>winchel,</strong></span> <span class='ocrx_word' id='word_1_145' title='bbox 811 2164 847 2221; x_wconf 89' lang='lat' dir='ltr'><strong>et</strong></span> <span class='ocrx_word' id='word_1_146' title='bbox 871 2155 1097 2253; x_wconf 84' lang='lat' dir='ltr'><strong>aliorumque</strong></span> <span class='ocrx_word' id='word_1_147' title='bbox 1123 2153 1310 2235; x_wconf 82' lang='lat' dir='ltr'><strong>nobilium,</strong></span> <span class='ocrx_word' id='word_1_148' title='bbox 1336 2163 1371 2220; x_wconf 87' lang='lat' dir='ltr'><strong>et</strong></span> <span class='ocrx_word' id='word_1_149' title='bbox 1397 2153 1596 2242; x_wconf 83' lang='lat' dir='ltr'><strong>proborum</strong></span> 
     </span>
     <span class='ocr_line' id='line_1_19' title="bbox 220 2243 1596 2343; baseline -0.001 -25"><span class='ocrx_word' id='word_1_150' title='bbox 220 2250 383 2321; x_wconf 84' lang='lat' dir='ltr'><strong>virorum</strong></span> <span class='ocrx_word' id='word_1_151' title='bbox 410 2253 489 2320; x_wconf 86' lang='lat' dir='ltr'><strong>talis</strong></span> <span class='ocrx_word' id='word_1_152' title='bbox 516 2253 729 2341; x_wconf 81' lang='lat' dir='ltr'><strong>compositio</strong></span> <span class='ocrx_word' id='word_1_153' title='bbox 752 2255 850 2320; x_wconf 84' lang='lat' dir='ltr'><strong>inter</strong></span> <span class='ocrx_word' id='word_1_154' title='bbox 875 2275 968 2338; x_wconf 89' lang='lat' dir='ltr'><strong>eum,</strong></span> <span class='ocrx_word' id='word_1_155' title='bbox 995 2263 1030 2320; x_wconf 90' lang='lat' dir='ltr'><strong>et</strong></span> <span class='ocrx_word' id='word_1_156' title='bbox 1056 2243 1256 2343; x_wconf 80' lang='lat' dir='ltr'><strong>predictum</strong></span> <span class='ocrx_word' id='word_1_157' title='bbox 1283 2251 1480 2322; x_wconf 89' lang='lat' dir='ltr'><strong>dominum.</strong></span> <span class='ocrx_word' id='word_1_158' title='bbox 1533 2255 1596 2320; x_wconf 74' lang='lat' dir='ltr'><strong>Gir.</strong></span> 
     </span>
    </p>
   </div>
   <div class='ocr_carea' id='block_1_7' title="bbox 221 2345 1713 2445">
    <p class='ocr_par' dir='ltr' id='par_1_7' title="bbox 221 2345 1713 2445">
     <span class='ocr_line' id='line_1_20' title="bbox 221 2345 1713 2445; baseline -0.001 -28"><span class='ocrx_word' id='word_1_159' title='bbox 221 2351 418 2440; x_wconf 85' lang='lat' dir='ltr'><strong>plebanum</strong></span> <span class='ocrx_word' id='word_1_160' title='bbox 456 2372 565 2441; x_wconf 83' lang='lat' dir='ltr'><strong>super</strong></span> <span class='ocrx_word' id='word_1_161' title='bbox 590 2352 775 2442; x_wconf 74' lang='lat' dir='ltr'><strong>premissis</strong></span> <span class='ocrx_word' id='word_1_162' title='bbox 801 2352 1037 2444; x_wconf 85' lang='lat' dir='ltr'><strong>querimoniis</strong></span> <span class='ocrx_word' id='word_1_163' title='bbox 1063 2353 1275 2439; x_wconf 83' lang='lat' dir='ltr'><strong>interuenit,</strong></span> <span class='ocrx_word' id='word_1_164' title='bbox 1311 2349 1441 2445; x_wconf 88' lang='lat' dir='ltr'><strong>quod&#39;</strong></span> <span class='ocrx_word' id='word_1_165' title='bbox 1433 2371 1510 2442; x_wconf 80' lang='lat' dir='ltr'><strong>ipse</strong></span> <span class='ocrx_word' id='word_1_166' title='bbox 1536 2345 1597 2418; x_wconf 76' lang='lat' dir='ltr'><strong>trs</strong></span> <span class='ocrx_word' id='word_1_167' title='bbox 1709 2429 1713 2439; x_wconf 30' lang='grc' dir='ltr'>Ι</span> 
     </span>
    </p>
   </div>
   <div class='ocr_carea' id='block_1_8' title="bbox 162 2449 1684 3835">
    <p class='ocr_par' dir='ltr' id='par_1_8' title="bbox 162 2449 1684 3835">
     <span class='ocr_line' id='line_1_21' title="bbox 224 2449 1597 2544; baseline 0.003 -28"><span class='ocrx_word' id='word_1_168' title='bbox 224 2449 379 2520; x_wconf 83' lang='lat' dir='ltr'><strong>derisus.</strong></span> <span class='ocrx_word' id='word_1_169' title='bbox 407 2459 443 2518; x_wconf 88' lang='lat' dir='ltr'><strong>et</strong></span> <span class='ocrx_word' id='word_1_170' title='bbox 467 2472 558 2519; x_wconf 85' lang='lat' dir='ltr'><strong>vxor</strong></span> <span class='ocrx_word' id='word_1_171' title='bbox 582 2472 647 2519; x_wconf 90' lang='lat' dir='ltr'><strong>aua</strong></span> <span class='ocrx_word' id='word_1_172' title='bbox 672 2453 888 2540; x_wconf 81' lang='lat' dir='ltr'><strong>Margareta.</strong></span> <span class='ocrx_word' id='word_1_173' title='bbox 914 2451 1087 2521; x_wconf 83' lang='lat' dir='ltr'><strong>deberent</strong></span> <span class='ocrx_word' id='word_1_174' title='bbox 1113 2473 1219 2544; x_wconf 83' lang='lat' dir='ltr'><strong>agros</strong></span> <span class='ocrx_word' id='word_1_175' title='bbox 1247 2462 1374 2544; x_wconf 86' lang='lat' dir='ltr'><strong>quarte</strong></span> <span class='ocrx_word' id='word_1_176' title='bbox 1401 2452 1597 2542; x_wconf 86' lang='lat' dir='ltr'><strong>purtisCu·</strong></span> 
     </span>
     <span class='ocr_line' id='line_1_22' title="bbox 213 2549 1684 2645; baseline 0.003 -29"><span class='ocrx_word' id='word_1_177' title='bbox 213 2549 275 2616; x_wconf 82' lang='lat' dir='ltr'><strong>rie</strong></span> <span class='ocrx_word' id='word_1_178' title='bbox 300 2550 475 2640; x_wconf 87' lang='lat' dir='ltr'><strong>premisse</strong></span> <span class='ocrx_word' id='word_1_179' title='bbox 501 2549 545 2619; x_wconf 90' lang='lat' dir='ltr'><strong>de</strong></span> <span class='ocrx_word' id='word_1_180' title='bbox 571 2551 664 2622; x_wconf 88' lang='lat' dir='ltr'><strong>bona</strong></span> <span class='ocrx_word' id='word_1_181' title='bbox 690 2555 875 2621; x_wconf 83' lang='lat' dir='ltr'><strong>voluntate</strong></span> <span class='ocrx_word' id='word_1_182' title='bbox 901 2563 937 2620; x_wconf 89' lang='lat' dir='ltr'><strong>et</strong></span> <span class='ocrx_word' id='word_1_183' title='bbox 961 2574 1159 2639; x_wconf 84' lang='lat' dir='ltr'><strong>consensu,</strong></span> <span class='ocrx_word' id='word_1_184' title='bbox 1186 2553 1338 2645; x_wconf 84' lang='lat' dir='ltr'><strong>predicti</strong></span> <span class='ocrx_word' id='word_1_185' title='bbox 1366 2553 1502 2622; x_wconf 89' lang='lat' dir='ltr'><strong>domini</strong></span> <span class='ocrx_word' id='word_1_186' title='bbox 1530 2553 1594 2621; x_wconf 89' lang='lat' dir='ltr'><strong>Cb.</strong></span> <span class='ocrx_word' id='word_1_187' title='bbox 1672 2569 1684 2590; x_wconf 76' lang='lat'><em>&#39;</em></span> 
     </span>
     <span class='ocr_line' id='line_1_23' title="bbox 162 2649 1661 2741; baseline 0.001 -27"><span class='ocrx_word' id='word_1_188' title='bbox 162 2649 167 2654; x_wconf 85' lang='lat'>&#39;</span> <span class='ocrx_word' id='word_1_189' title='bbox 219 2649 365 2738; x_wconf 87' lang='lat' dir='ltr'><strong>plebani</strong></span> <span class='ocrx_word' id='word_1_190' title='bbox 398 2649 515 2720; x_wconf 85' lang='lat' dir='ltr'><strong>adrite</strong></span> <span class='ocrx_word' id='word_1_191' title='bbox 540 2651 726 2741; x_wconf 79' lang='lat' dir='ltr'><strong>utriusque</strong></span> <span class='ocrx_word' id='word_1_192' title='bbox 751 2652 912 2741; x_wconf 85' lang='lat' dir='ltr'><strong>ipsorum</strong></span> <span class='ocrx_word' id='word_1_193' title='bbox 937 2653 1186 2721; x_wconf 88' lang='lat' dir='ltr'><strong>tantummodo</strong></span> <span class='ocrx_word' id='word_1_194' title='bbox 1213 2663 1376 2740; x_wconf 91' lang='lat' dir='ltr'><strong>tempora</strong></span> <span class='ocrx_word' id='word_1_195' title='bbox 1402 2653 1598 2741; x_wconf 81' lang='lat' dir='ltr'><strong>possidere,</strong></span> <span class='ocrx_word' id='word_1_196' title='bbox 1659 2707 1661 2714; x_wconf 94' lang='lat'><em>.</em></span> 
     </span>
     <span class='ocr_line' id='line_1_24' title="bbox 219 2749 1596 2844; baseline 0.001 -28"><span class='ocrx_word' id='word_1_197' title='bbox 219 2749 330 2816; x_wconf 86' lang='lat' dir='ltr'><strong>saluis</strong></span> <span class='ocrx_word' id='word_1_198' title='bbox 364 2749 527 2818; x_wconf 84' lang='lat' dir='ltr'><strong>seruiciis</strong></span> <span class='ocrx_word' id='word_1_199' title='bbox 559 2751 686 2816; x_wconf 82' lang='lat' dir='ltr'><strong>annuit</strong></span> <span class='ocrx_word' id='word_1_200' title='bbox 712 2751 868 2839; x_wconf 87' lang='lat' dir='ltr'><strong>plebano</strong></span> <span class='ocrx_word' id='word_1_201' title='bbox 895 2749 1043 2818; x_wconf 87' lang='lat' dir='ltr'><strong>ecelesia</strong></span> <span class='ocrx_word' id='word_1_202' title='bbox 1060 2755 1183 2819; x_wconf 84' lang='lat' dir='ltr'><strong>sancti</strong></span> <span class='ocrx_word' id='word_1_203' title='bbox 1208 2749 1346 2844; x_wconf 81' lang='lat' dir='ltr'><strong>Egydy.</strong></span> <span class='ocrx_word' id='word_1_204' title='bbox 1382 2761 1417 2818; x_wconf 86' lang='lat' dir='ltr'><strong>et</strong></span> <span class='ocrx_word' id='word_1_205' title='bbox 1444 2751 1596 2838; x_wconf 83' lang='lat' dir='ltr'><strong>leprosis</strong></span> 
     </span>
     <span class='ocr_line' id='line_1_25' title="bbox 215 2845 1596 2948; baseline 0 -34"><span class='ocrx_word' id='word_1_206' title='bbox 215 2847 437 2948; x_wconf 84' lang='lat' dir='ltr'><strong>pauperibus</strong></span> <span class='ocrx_word' id='word_1_207' title='bbox 464 2847 592 2918; x_wconf 88' lang='lat' dir='ltr'><strong>exinde</strong></span> <span class='ocrx_word' id='word_1_208' title='bbox 619 2847 747 2918; x_wconf 86' lang='lat' dir='ltr'><strong>debitis</strong></span> <span class='ocrx_word' id='word_1_209' title='bbox 773 2858 808 2916; x_wconf 88' lang='lat' dir='ltr'><strong>et</strong></span> <span class='ocrx_word' id='word_1_210' title='bbox 833 2845 1025 2934; x_wconf 82' lang='lat' dir='ltr'><strong>soluendis,</strong></span> <span class='ocrx_word' id='word_1_211' title='bbox 1051 2851 1184 2942; x_wconf 87' lang='lat' dir='ltr'><strong>Eisque</strong></span> <span class='ocrx_word' id='word_1_212' title='bbox 1211 2848 1383 2916; x_wconf 81' lang='lat' dir='ltr'><strong>friderico</strong></span> <span class='ocrx_word' id='word_1_213' title='bbox 1405 2856 1440 2914; x_wconf 88' lang='lat' dir='ltr'><strong>et</strong></span> <span class='ocrx_word' id='word_1_214' title='bbox 1455 2851 1596 2940; x_wconf 76' lang='lat' dir='ltr'><strong>Marga-</strong></span> 
     </span>
     <span class='ocr_line' id='line_1_26' title="bbox 214 2945 1598 3041; baseline 0.002 -28"><span class='ocrx_word' id='word_1_215' title='bbox 214 2945 360 3030; x_wconf 73' lang='lat' dir='ltr'><strong>rotata)</strong></span> <span class='ocrx_word' id='word_1_216' title='bbox 379 2949 562 3030; x_wconf 65' lang='lat' dir='ltr'><strong>uxoriam</strong></span> <span class='ocrx_word' id='word_1_217' title='bbox 581 2953 706 3028; x_wconf 80' lang='lat' dir='ltr'><strong>sue[a]</strong></span> <span class='ocrx_word' id='word_1_218' title='bbox 723 2948 817 3016; x_wconf 79' lang='lat' dir='ltr'><strong>riam</strong></span> <span class='ocrx_word' id='word_1_219' title='bbox 834 2948 1001 3018; x_wconf 80' lang='lat' dir='ltr'><strong>uniuersa</strong></span> <span class='ocrx_word' id='word_1_220' title='bbox 1019 2949 1327 3041; x_wconf 80' lang='lat' dir='ltr'><strong>curnieingressis,</strong></span> <span class='ocrx_word' id='word_1_221' title='bbox 1337 2948 1510 3016; x_wconf 88' lang='lat' dir='ltr'><strong>deberent</strong></span> <span class='ocrx_word' id='word_1_222' title='bbox 1521 2955 1598 3036; x_wconf 75' lang='lat' dir='ltr'><strong>pl&#39;e·</strong></span> 
     </span>
     <span class='ocr_line' id='line_1_27' title="bbox 219 3045 1600 3140; baseline -0.001 -26"><span class='ocrx_word' id='word_1_223' title='bbox 219 3045 309 3115; x_wconf 88' lang='lat' dir='ltr'><strong>dicti</strong></span> <span class='ocrx_word' id='word_1_224' title='bbox 335 3047 413 3137; x_wconf 81' lang='lat' dir='ltr'><strong>agri</strong></span> <span class='ocrx_word' id='word_1_225' title='bbox 440 3058 565 3140; x_wconf 88' lang='lat' dir='ltr'><strong>quarte</strong></span> <span class='ocrx_word' id='word_1_226' title='bbox 592 3049 825 3138; x_wconf 85' lang='lat' dir='ltr'><strong>partisCurie</strong></span> <span class='ocrx_word' id='word_1_227' title='bbox 852 3049 1025 3139; x_wconf 87' lang='lat' dir='ltr'><strong>premisse</strong></span> <span class='ocrx_word' id='word_1_228' title='bbox 1052 3048 1173 3118; x_wconf 84' lang='lat' dir='ltr'><strong>redire</strong></span> <span class='ocrx_word' id='word_1_229' title='bbox 1198 3047 1313 3118; x_wconf 85' lang='lat' dir='ltr'><strong>libere</strong></span> <span class='ocrx_word' id='word_1_230' title='bbox 1339 3047 1383 3116; x_wconf 90' lang='lat' dir='ltr'><strong>ad</strong></span> <span class='ocrx_word' id='word_1_231' title='bbox 1409 3049 1600 3120; x_wconf 85' lang='lat' dir='ltr'><strong>ecclesiam</strong></span> 
     </span>
     <span class='ocr_line' id='line_1_28' title="bbox 193 3145 1625 3241; baseline 0 -25"><span class='ocrx_word' id='word_1_232' title='bbox 193 3145 333 3216; x_wconf 80' lang='lat' dir='ltr'><strong>‘saneti</strong></span> <span class='ocrx_word' id='word_1_233' title='bbox 369 3147 508 3238; x_wconf 78' lang='lat' dir='ltr'><strong>Egydy.</strong></span> <span class='ocrx_word' id='word_1_234' title='bbox 549 3155 584 3214; x_wconf 96' lang='lat' dir='ltr'><strong>et</strong></span> <span class='ocrx_word' id='word_1_235' title='bbox 624 3149 787 3237; x_wconf 83' lang='lat' dir='ltr'><strong>leprosos</strong></span> <span class='ocrx_word' id='word_1_236' title='bbox 813 3169 991 3241; x_wconf 86' lang='lat' dir='ltr'><strong>pauperes</strong></span> <span class='ocrx_word' id='word_1_237' title='bbox 1015 3149 1170 3236; x_wconf 89' lang='lat' dir='ltr'><strong>ibidem,</strong></span> <span class='ocrx_word' id='word_1_238' title='bbox 1207 3149 1283 3218; x_wconf 80' lang='lat' dir='ltr'><strong>sine</strong></span> <span class='ocrx_word' id='word_1_239' title='bbox 1310 3147 1625 3216; x_wconf 84' lang='lat' dir='ltr'><strong>contradictione&#39;</strong></span> 
     </span>
     <span class='ocr_line' id='line_1_29' title="bbox 212 3245 1597 3343; baseline 0 -29"><span class='ocrx_word' id='word_1_240' title='bbox 212 3246 380 3336; x_wconf 77' lang='lat' dir='ltr'><strong>qualibet</strong></span> <span class='ocrx_word' id='word_1_241' title='bbox 408 3245 589 3316; x_wconf 86' lang='lat' dir='ltr'><strong>Heredum</strong></span> <span class='ocrx_word' id='word_1_242' title='bbox 615 3265 783 3343; x_wconf 76' lang='lat' dir='ltr'><strong>suorum,</strong></span> <span class='ocrx_word' id='word_1_243' title='bbox 801 3271 880 3318; x_wconf 68' lang='lat' dir='ltr'><strong>sev</strong></span> <span class='ocrx_word' id='word_1_244' title='bbox 905 3249 1150 3342; x_wconf 82' lang='lat' dir='ltr'><strong>quorumlibet</strong></span> <span class='ocrx_word' id='word_1_245' title='bbox 1175 3249 1394 3333; x_wconf 88' lang='lat' dir='ltr'><strong>amicerum,</strong></span> <span class='ocrx_word' id='word_1_246' title='bbox 1427 3256 1461 3315; x_wconf 86' lang='lat' dir='ltr'><strong>et</strong></span> <span class='ocrx_word' id='word_1_247' title='bbox 1488 3267 1597 3338; x_wconf 87' lang='lat' dir='ltr'><strong>super</strong></span> 
     </span>
     <span class='ocr_line' id='line_1_30' title="bbox 218 3344 1599 3439; baseline 0.002 -27"><span class='ocrx_word' id='word_1_248' title='bbox 218 3344 425 3416; x_wconf 83' lang='lat' dir='ltr'><strong>huiusmodi</strong></span> <span class='ocrx_word' id='word_1_249' title='bbox 459 3347 723 3436; x_wconf 87' lang='lat' dir='ltr'><strong>compositione</strong></span> <span class='ocrx_word' id='word_1_250' title='bbox 756 3348 935 3417; x_wconf 83' lang='lat' dir='ltr'><strong>amicabili</strong></span> <span class='ocrx_word' id='word_1_251' title='bbox 960 3349 1145 3439; x_wconf 85' lang='lat' dir='ltr'><strong>predictus</strong></span> <span class='ocrx_word' id='word_1_252' title='bbox 1169 3346 1361 3416; x_wconf 81' lang='lat' dir='ltr'><strong>fridericus</strong></span> <span class='ocrx_word' id='word_1_253' title='bbox 1383 3349 1599 3438; x_wconf 87' lang='lat' dir='ltr'><strong>promiserat</strong></span> 
     </span>
     <span class='ocr_line' id='line_1_31' title="bbox 218 3442 1599 3537; baseline 0.003 -27"><span class='ocrx_word' id='word_1_254' title='bbox 218 3444 386 3534; x_wconf 89' lang='lat' dir='ltr'><strong>predicto</strong></span> <span class='ocrx_word' id='word_1_255' title='bbox 413 3442 559 3516; x_wconf 88' lang='lat' dir='ltr'><strong>domino</strong></span> <span class='ocrx_word' id='word_1_256' title='bbox 587 3447 649 3514; x_wconf 82' lang='lat' dir='ltr'><strong>Ch</strong></span> <span class='ocrx_word' id='word_1_257' title='bbox 678 3444 832 3536; x_wconf 86' lang='lat' dir='ltr'><strong>plebano</strong></span> <span class='ocrx_word' id='word_1_258' title='bbox 858 3447 943 3518; x_wconf 85' lang='lat' dir='ltr'><strong>dare</strong></span> <span class='ocrx_word' id='word_1_259' title='bbox 970 3447 1139 3534; x_wconf 84' lang='lat' dir='ltr'><strong>litteram,</strong></span> <span class='ocrx_word' id='word_1_260' title='bbox 1165 3448 1412 3537; x_wconf 81' lang='lat' dir='ltr'><strong>predictorum</strong></span> <span class='ocrx_word' id='word_1_261' title='bbox 1439 3447 1599 3520; x_wconf 87' lang='lat' dir='ltr'><strong>domino·</strong></span> 
     </span>
     <span class='ocr_line' id='line_1_32' title="bbox 220 3545 1597 3640; baseline 0.001 -28"><span class='ocrx_word' id='word_1_262' title='bbox 220 3566 304 3612; x_wconf 88' lang='lat' dir='ltr'><strong>rum</strong></span> <span class='ocrx_word' id='word_1_263' title='bbox 352 3545 588 3640; x_wconf 71' lang='lat' dir='ltr'><strong>dominaturi</strong></span> <span class='ocrx_word' id='word_1_264' title='bbox 630 3547 857 3636; x_wconf 79' lang='lat' dir='ltr'><strong>sigillorum</strong></span> <span class='ocrx_word' id='word_1_265' title='bbox 867 3548 1115 3624; x_wconf 84' lang='lat' dir='ltr'><strong>lsaracteribus</strong></span> <span class='ocrx_word' id='word_1_266' title='bbox 1149 3549 1454 3636; x_wconf 76' lang='lat' dir='ltr'><strong>consingnatdm.</strong></span> <span class='ocrx_word' id='word_1_267' title='bbox 1488 3567 1597 3636; x_wconf 90' lang='lat' dir='ltr'><strong>super</strong></span> 
     </span>
     <span class='ocr_line' id='line_1_33' title="bbox 187 3635 1595 3738; baseline 0 -26"><span class='ocrx_word' id='word_1_268' title='bbox 187 3713 192 3720; x_wconf 82' lang='grc'>,</span> <span class='ocrx_word' id='word_1_269' title='bbox 220 3644 425 3712; x_wconf 83' lang='lat' dir='ltr'><strong>huiusmodi</strong></span> <span class='ocrx_word' id='word_1_270' title='bbox 451 3645 634 3735; x_wconf 84' lang='lat' dir='ltr'><strong>responsis</strong></span> <span class='ocrx_word' id='word_1_271' title='bbox 660 3647 737 3736; x_wconf 77' lang='lat' dir='ltr'><strong>ipse</strong></span> <span class='ocrx_word' id='word_1_272' title='bbox 764 3635 933 3714; x_wconf 84' lang='lat' dir='ltr'><strong>dbniiuue</strong></span> <span class='ocrx_word' id='word_1_273' title='bbox 956 3647 1042 3716; x_wconf 87' lang='lat' dir='ltr'><strong>Otto</strong></span> <span class='ocrx_word' id='word_1_274' title='bbox 1069 3641 1304 3734; x_wconf 84' lang='lat' dir='ltr'><strong>deliberauit‚</strong></span> <span class='ocrx_word' id='word_1_275' title='bbox 1330 3668 1496 3738; x_wconf 85' lang='lat' dir='ltr'><strong>vaneque</strong></span> <span class='ocrx_word' id='word_1_276' title='bbox 1512 3667 1595 3713; x_wconf 89' lang='lat' dir='ltr'><strong>con·</strong></span> 
     </span>
     <span class='ocr_line' id='line_1_34' title="bbox 222 3742 1598 3835; baseline 0.001 -23"><span class='ocrx_word' id='word_1_277' title='bbox 222 3742 307 3812; x_wconf 86' lang='lat' dir='ltr'><strong>silio</strong></span> <span class='ocrx_word' id='word_1_278' title='bbox 332 3743 551 3835; x_wconf 90' lang='lat' dir='ltr'><strong>proborum,</strong></span> <span class='ocrx_word' id='word_1_279' title='bbox 579 3745 752 3835; x_wconf 87' lang='lat' dir='ltr'><strong>predictis</strong></span> <span class='ocrx_word' id='word_1_280' title='bbox 777 3743 938 3815; x_wconf 81' lang='lat' dir='ltr'><strong>friderici</strong></span> <span class='ocrx_word' id='word_1_281' title='bbox 964 3745 1228 3816; x_wconf 86' lang='lat' dir='ltr'><strong>assercionibus</strong></span> <span class='ocrx_word' id='word_1_282' title='bbox 1255 3758 1309 3821; x_wconf 82' lang='lat' dir='ltr'><strong>eat</strong></span> <span class='ocrx_word' id='word_1_283' title='bbox 1336 3755 1535 3832; x_wconf 86' lang='lat' dir='ltr'><strong>contentus,</strong></span> <span class='ocrx_word' id='word_1_284' title='bbox 1562 3755 1598 3814; x_wconf 86' lang='lat' dir='ltr'><strong>et</strong></span> 
     </span>
    </p>
   </div>
   <div class='ocr_carea' id='block_1_9' title="bbox 219 3831 1720 3938">
    <p class='ocr_par' dir='ltr' id='par_1_9' title="bbox 219 3831 1720 3938">
     <span class='ocr_line' id='line_1_35' title="bbox 219 3831 1720 3938; baseline 0.003 -29"><span class='ocrx_word' id='word_1_285' title='bbox 219 3843 326 3933; x_wconf 88' lang='lat' dir='ltr'><strong>petiit</strong></span> <span class='ocrx_word' id='word_1_286' title='bbox 364 3844 611 3934; x_wconf 80' lang='lat' dir='ltr'><strong>predictorum</strong></span> <span class='ocrx_word' id='word_1_287' title='bbox 647 3842 873 3914; x_wconf 87' lang='lat' dir='ltr'><strong>dominorum</strong></span> <span class='ocrx_word' id='word_1_288' title='bbox 911 3848 1051 3916; x_wconf 86' lang='lat' dir='ltr'><strong>litteras</strong></span> <span class='ocrx_word' id='word_1_289' title='bbox 1086 3867 1197 3938; x_wconf 87' lang='lat' dir='ltr'><strong>super</strong></span> <span class='ocrx_word' id='word_1_290' title='bbox 1219 3847 1393 3936; x_wconf 88' lang='lat' dir='ltr'><strong>premissa</strong></span> <span class='ocrx_word' id='word_1_291' title='bbox 1422 3847 1596 3938; x_wconf 82' lang='lat' dir='ltr'><strong>composi·</strong></span> <span class='ocrx_word' id='word_1_292' title='bbox 1708 3831 1720 3854; x_wconf 65' lang='lat'>⁸</span> 
     </span>
    </p>
   </div>
   <div class='ocr_carea' id='block_1_10' title="bbox 160 3941 1596 4154">
    <p class='ocr_par' dir='ltr' id='par_1_10' title="bbox 160 3941 1595 4142">
     <span class='ocr_line' id='line_1_36' title="bbox 160 3941 1595 4037; baseline 0.001 -26"><span class='ocrx_word' id='word_1_293' title='bbox 160 3977 167 3988; x_wconf 94' lang='lat'><strong>·</strong></span> <span class='ocrx_word' id='word_1_294' title='bbox 219 3944 345 4011; x_wconf 86' lang='lat' dir='ltr'><strong>tione·</strong></span> <span class='ocrx_word' id='word_1_295' title='bbox 354 3965 436 4014; x_wconf 88' lang='lat' dir='ltr'><strong>cum</strong></span> <span class='ocrx_word' id='word_1_296' title='bbox 469 3942 645 4013; x_wconf 87' lang='lat' dir='ltr'><strong>instancia</strong></span> <span class='ocrx_word' id='word_1_297' title='bbox 671 3945 739 4012; x_wconf 86' lang='lat' dir='ltr'><strong>sibi</strong></span> <span class='ocrx_word' id='word_1_298' title='bbox 758 3942 864 4031; x_wconf 80' lang='lat' dir='ltr'><strong>dari&#39;,</strong></span> <span class='ocrx_word' id='word_1_299' title='bbox 900 3941 1019 4015; x_wconf 82' lang='lat' dir='ltr'><strong>Motus</strong></span> <span class='ocrx_word' id='word_1_300' title='bbox 1047 3947 1175 4015; x_wconf 80' lang='lat' dir='ltr'><strong>exinde</strong></span> <span class='ocrx_word' id='word_1_301' title='bbox 1202 3945 1384 4037; x_wconf 87' lang='lat' dir='ltr'><strong>predictus</strong></span> <span class='ocrx_word' id='word_1_302' title='bbox 1406 3941 1595 4034; x_wconf 81' lang='lat' dir='ltr'><strong>fridericus</strong></span> 
     </span>
     <span class='ocr_line' id='line_1_37' title="bbox 221 4035 1596 4154; baseline 0.001 -44"><span class='ocrx_word' id='word_1_303' title='bbox 221 4051 257 4110; x_wconf 87' lang='lat' dir='ltr'><strong>et</strong></span> <span class='ocrx_word' id='word_1_304' title='bbox 282 4035 455 4134; x_wconf 77' lang='lat' dir='ltr'><strong>peruerse</strong></span> <span class='ocrx_word' id='word_1_305' title='bbox 481 4046 608 4136; x_wconf 83' lang='lat' dir='ltr'><strong>ductus</strong></span> <span class='ocrx_word' id='word_1_306' title='bbox 635 4045 803 4133; x_wconf 87' lang='lat' dir='ltr'><strong>consilio,</strong></span> <span class='ocrx_word' id='word_1_307' title='bbox 832 4039 955 4154; x_wconf 80' lang='lat' dir='ltr'><strong>omnia</strong></span> <span class='ocrx_word' id='word_1_308' title='bbox 972 4068 1048 4142; x_wconf 78' lang='lat' dir='ltr'><strong>que</strong></span> <span class='ocrx_word' id='word_1_309' title='bbox 1075 4048 1175 4137; x_wconf 90' lang='lat' dir='ltr'><strong>prius</strong></span> <span class='ocrx_word' id='word_1_310' title='bbox 1201 4053 1403 4115; x_wconf 85' lang='lat' dir='ltr'><strong>asseruerat</strong></span> <span class='ocrx_word' id='word_1_311' title='bbox 1422 4051 1515 4113; x_wconf 80' lang='lat' dir='ltr'><strong>tunc</strong></span> <span class='ocrx_word' id='word_1_312' title='bbox 1537 4065 1596 4112; x_wconf 89' lang='lat' dir='ltr'><strong>ac·</strong></span> 
     </span>
    </p>
   </div>
   <div class='ocr_carea' id='block_1_11' title="bbox 0 0 1938 4728">
    <p class='ocr_par' dir='ltr' id='par_1_11' title="bbox 0 0 1938 4728">
     <span class='ocr_line' id='line_1_38' title="bbox 0 0 1938 4728; baseline 0 0"><span class='ocrx_word' id='word_1_313' title='bbox 0 0 1938 4728; x_wconf 95' lang='lat' dir='ltr'><strong> </strong></span> 
     </span>
    </p>
   </div>
  </div>
 </body>
</html>
