3870 4718
745 373 1010 464 hutbentica
1392 327 1395 336 γ
1504 332 1593 472 Μ’

197 614 318 708 pitatio
342 607 576 684 consuesset-it
601 611 796 682 extendere
820 611 1013 702 specialius
1039 617 1160 678 tamen
1185 605 1345 678 ecclesiis
1372 605 1431 676 dai
1456 615 1493 676 at
1511 625 1566 680 ee·

197 715 406 786 clesiasticis
423 715 584 804 personis
600 711 775 782 beneficia
792 713 935 801 potiora
951 711 1161 802 frequenter
1176 707 1365 778 conuenit
1381 707 1564 780 exhibere.

199 817 285 884 lade
311 825 365 882 est
392 812 489 905 quod
515 821 580 882 nos
605 813 833 882 aduertentes
858 814 1082 880 honestatem
1106 809 1259 877 fratrum
1285 810 1434 878 ecclesie
1450 811 1563 878 sancti

201 913 357 1005 sepulcri
384 911 664 983 deseruientium
692 911 961 1004 eorundemque
988 909 1242 980 necessitatem
1266 919 1306 977 ut
1341 909 1565 980 commodius
1591 996 1606 1010 ,

154 1085 157 1094 ,
201 1023 237 1082 et
261 1013 409 1082 liberius
435 1015 575 1104 possint
601 1013 724 1082 diuino
751 1011 865 1082 cultui
890 1010 1054 1082 insistere
1081 1019 1117 1080 et
1142 1008 1406 1078 habundantius
1430 1010 1469 1078 in
1488 1009 1563 1080 suia

197 1113 468 1182 necessitatibus
494 1115 708 1204 temporalia
733 1111 919 1182 commoda
944 1107 1152 1202 percipere,
1189 1109 1234 1176 de
1267 1109 1434 1197 largitate
1461 1111 1564 1200 regia

197 1237 265 1304 pro
291 1217 407 1282 salute
432 1224 503 1282 tam
529 1225 652 1282 nostra
680 1235 786 1305 quarn
811 1223 1001 1303 pareutum
1029 1221 1235 1287 nostrorum
1263 1208 1439 1276 donamus
1464 1219 1500 1276 et
1527 1211 1566 1278 in

195 1324 412 1404 perpetuam
438 1315 698 1402 proprietatem
723 1313 900 1398 largimur
925 1311 1112 1376 ecclesiam
1137 1331 1207 1398 que
1223 1303 1408 1380 ltircheim
1436 1305 1568 1374 dicitur

198 1435 280 1479 curn
314 1413 482 1480 omnibus
516 1409 713 1475 attinentiis
747 1409 842 1494 eius,
880 1405 1048 1474 videlicet
1079 1427 1161 1473 cum
1187 1405 1269 1473 dote
1295 1417 1331 1473 et
1357 1405 1505 1474 decimis
1532 1417 1569 1474 et

199 1509 409 1580 bominibus
435 1507 624 1598 utriusque
649 1508 763 1574 Sexus
790 1516 825 1574 et
850 1527 930 1572 cum
957 1504 1055 1572 omni
1079 1503 1159 1593 jure
1190 1525 1258 1574 suo
1291 1515 1327 1572 et
1353 1504 1568 1594 Specialiter

92 1605 97 1610 ’
202 1608 259 1694 jus
290 1616 502 1696 patronatus
537 1605 634 1696 quod
668 1607 705 1672 in
740 1613 935 1672 memorata
961 1605 1112 1671 ecclesia
1136 1603 1377 1689 habebamus,
1417 1601 1568 1674 ecclesie

201 1707 313 1776 sancti
340 1705 504 1793 sepulcri
530 1715 616 1794 aput
631 1705 772 1794 Spiram
797 1704 865 1772 site
892 1725 962 1794 que
983 1701 1224 1792 Dietbrucgen
1252 1714 1493 1794 nuncupatur,
1517 1705 1569 1774 ita

198 1815 238 1878 nt
264 1803 428 1893 prouisis
454 1804 532 1872 siue
556 1805 766 1894 procuratio
791 1802 1064 1886 illiusecclesie
1083 1799 1119 1872 in
1136 1805 1319 1872 uoluntate
1335 1814 1372 1872 et
1391 1813 1566 1892 potestate
1685 1801 1689 1810 “

200 1902 402 1972 Meinhardi
428 1903 652 1972 Venerabilis
677 1899 854 1994 Prepesiti
888 1902 932 1970 de
958 1899 1200 1972 Denloendort'
1226 1913 1263 1972 et
1296 1904 1459 1972 omnium
1491 1925 1568 1973 suc-

200 2024 383 2073 cessorum
411 2023 557 2070 suorum
583 2005 862 2093 inperpetuum
889 2001 1072 2086 consistat,
1099 2015 1135 2070 et
1152 2012 1192 2070 ut
1204 2003 1396 2072 uniuersos
1412 2025 1567 2094 prouen-

200 2115 257 2174 tos
273 2110 348 2184 (us)
368 2103 480 2191 ipsius
507 2101 657 2170 ecclesie
675 2103 719 2170 ad
736 2103 1038 2172 sustentacionem
1056 2101 1208 2171 fratrum
1225 2111 1311 2192 aput
1327 2101 1572 2192 Dietbrocgen

202 2203 271 2271 deo
299 2203 545 2269 tamulantium
573 2222 653 2270 cum
682 2203 779 2270 omni
804 2203 970 2270 libertate
996 2200 1111 2269 dictus
1130 2198 1336 2292 prepositus
1353 2211 1389 2268 et
1404 2199 1571 2270 eiossuc·

203 2321 361 2371 cessores
388 2301 424 2366 in
452 2323 557 2368 cuum
586 2301 798 2392 percipiant.
861 2303 950 2370 Sunt
983 2311 1102 2369 autem
1139 2305 1206 2370 hec
1230 2301 1378 2370 nomina
1402 2301 1569 2372 villarum

201 2403 357 2471 decimas
383 2421 464 2468 suas
491 2401 534 2468 ad
561 2401 708 2470 eandem
735 2401 925 2470 ecclesiam
949 2403 1243 2492 persoluentium.
1295 2403 1374 2492 lpsa
1390 2401 1569 2472 villaltir-

202 2499 327 2570 cheim.
354 2501 633 2570 Biscouesheim.
659 2501 869 2572 Moraheim.
895 2499 1144 2572 Rudershelm.
1174 2501 1313 2572 Orberz
1340 2503 1571 2572 etvetussso·

200 2601 330 2672 landis.
380 2601 434 2668 ld
461 2600 561 2670 cuius
589 2602 642 2670 rei
669 2607 889 2693 perhennem
917 2603 1125 2674 memoriam
1161 2613 1365 2692 presentem
1399 2603 1569 2692 paginam

202 2701 382 2771 conscribi
407 2701 575 2768 iussimus
602 2713 638 2770 et
664 2703 857 2770 maiestatis
884 2703 985 2789 regie
1011 2703 1112 2771 bulla
1145 2701 1369 2790 consignari,
1410 2701 1570 2770 Statuen·

201 2815 276 2884 tes,
305 2807 340 2866 et
365 2799 468 2884 regio
495 2799 612 2868 edicto
638 2799 792 2864 firmiter
816 2799 1079 2885 precipientes,
1113 2809 1154 2866 ut
1180 2799 1269 2864 nulli
1294 2819 1467 2884 nmquam
1492 2819 1571 2886 per-

201 2923 291 2971 sone
318 2899 388 2964 alte
415 2905 451 2961 et
476 2895 602 2962 humili
629 2895 868 2962 ecclesiastice
885 2896 943 2962 vel
958 2891 1110 2959 seculari
1124 2895 1263 2958 licitum
1280 2894 1325 2958 sit
1339 2895 1430 2958 hanc
1445 2903 1571 2962 nostre

55 3059 65 3068 .
203 2992 404 3071 donationis
428 2995 596 3084 paginam
623 2993 823 3084 infringere
849 3015 913 3062 seu
937 2992 1059 3086 aliquo
1085 2991 1119 3062 ei
1144 2991 1394 3062 temeraritatis
1410 2994 1572 3063 ausuob·

201 3101 320 3182 uiare‚
346 3095 444 3188 quod
472 3095 533 3186 qui
559 3093 681 3164 facere
707 3094 968 3186 presumpserit
993 3089 1030 3161 in
1056 3115 1119 3162 sue
1145 3089 1426 3183 presumptionis
1438 3115 1571 3185 penam

205 3208 348 3270 centum
373 3195 483 3261 libras
509 3196 588 3262 auri
613 3197 694 3286 puri
722 3205 932 3284 componat,
960 3216 1112 3285 quarum
1139 3194 1312 3264 medietas
1337 3191 1425 3264 fisco
1444 3206 1569 3266 nostro

203 3299 343 3390 reliqua
368 3315 454 3363 vero
482 3295 652 3364 medietas
679 3297 847 3362 iniuriam
872 3295 986 3386 passis
1011 3298 1253 3384 persoluetur.
1312 3295 1436 3366 Testes
1463 3295 1570 3369 huius

202 3401 258 3471 rei
283 3404 375 3466 sunt.
433 3393 608 3461 Henricus
634 3395 904 3484 Argentinensis
937 3392 1138 3483 episcopus.
1198 3395 1326 3461 Comes
1354 3393 1568 3484 sigebertus

204 3503 249 3570 de
275 3494 415 3566 Werda.
469 3493 644 3562 Henricus
671 3493 714 3562 de
742 3493 1007 3582 Cunegesberc.
1056 3493 1287 3561 Eberhardus
1314 3491 1357 3560 de
1387 3493 1493 3564 Salen
1509 3498 1570 3566 nb·

203 3603 279 3671 bas.
338 3593 524 3662 Cunradus
561 3593 677 3664 maior
708 3593 886 3684 Spirensis
924 3591 1074 3660 ecclesis
1107 3593 1322 3682 prepositus.
1382 3593 1571 3664 cunradus
1605 3607 1609 3616 '

204 3694 365 3771 eiusdem
391 3693 540 3760 ecclesie
566 3691 732 3762 decanus.
783 3691 958 3760 Henricus
976 3690 1019 3760 de
1039 3689 1344 3781 Scharphenberc.
1395 3695 1572 3762 Eberhar-

205 3801 272 3872 dus
305 3780 447 3882 dapifer
480 3792 523 3859 de
548 3796 681 3860 Tanna.
742 3792 929 3860 Cunradus
961 3791 1006 3857 de
1040 3793 1321 3860 Winterstetten.
1382 3795 1571 3862 Anselmns

205 3901 249 3970 de
276 3894 461 3982 lustingen
487 3901 523 3958 et
549 3893 610 3960 alii
637 3915 743 3984 quam
770 3893 903 3982 plures.
956 3890 1105 3979 Signum
1137 3889 1275 3958 domini
1300 3887 1477 3956 Friderici
1501 3891 1572 3956 lto-

207 4003 397 4070 m'ancrum
423 3991 519 4080 regis
546 4002 582 4059 et
605 3993 703 4083 regis
731 3992 849 4060 Sicilie
866 3986 1095 4057 lnuictissimi
1121 3983 1473 4074 (Monogramma).
1495 3986 1573 4065 Ego

206 4093 392 4173 Gunradus
420 4091 598 4183 Spirensis
637 4104 673 4162 et
697 4091 870 4165 metensi·
907 4086 1098 4176 episcopus
1149 4081 1350 4169 Imperialis
1382 4079 1462 4144 auls
1494 4092 1575 4138 can-
