3746 4720
134 155 142 164 ⁵
362 219 450 311 584
697 161 943 322 Diplolnata
972 157 1077 292 falsa
1107 226 1151 293 et
1178 205 1393 338 rescripta.
1473 230 1476 236 ·
1562 179 1566 188 ¹

355 443 358 448 ¹
485 449 595 532 primis
622 445 776 520 alterum,
807 465 917 521 eureos
938 465 1068 520 rasura,
1094 445 1256 507 munitum
1279 443 1353 505 iero
1374 434 1655 529 sigillo'Ludb'sici
1670 445 1720 520 11„

482 547 614 612 omnino
642 554 790 607 censetur
816 566 853 607 eo
879 545 948 634 ipso
968 547 1115 627 ‘tempore
1152 545 1329 627 scriptum,
1364 543 1456 634 mado
1482 543 1657 606 renovandi
1680 533 1742 607 dh*

482 649 618 729 plometa
644 645 875 728 antiquissimo.

1008 907 1070 1014 V.

380 1150 471 1207 anno
499 1143 571 1214 886.
615 1141 662 1212 16.
694 1141 789 1218 'Faba
827 1141 974 1212 Rotwile.
1002 1139 1254 1203 instrumentum
1275 1100 1490 1219 verisimiliter
1514 1144 1701 1214 renovatum

939 1266 1067 1331 saeculo
1091 1265 1146 1326 XI.

355 1452 539 1538 Karolus
582 1426 760 1570 Crassus
803 1451 1035 1564 imperator
1076 1445 1380 1550 monasterium
1423 1444 1724 1532 Obarenmun-

357 1588 443 1654 ster
471 1571 515 1654 in
546 1562 729 1654 civitate
725 1569 994 1676 Ratispona,
1024 1566 1077 1651 ab
1108 1541 1289 1648 Hemma
1321 1563 1508 1682 regina‚·¹
1516 1565 1722 1678 :genitrice

357 1712 434 1772 sua
462 1687 650 1821 legitimo
681 1685 930 1769 concambio
960 1701 1202 1794 recepun,
1232 1680 1348 1764 ubi
1336 1699 1437 1796 tpsa
1459 1683 1623 1794 sepulta
1652 1712 1722 1766 re-

356 1804 559 1914 quiescit,
584 1805 633 1886 in
664 1831 765 1886 suae
799 1803 1038 1886 emunitatis
1065 1798 1356 1886 defensionem
1384 1799 1570 1908 suscipit,
1600 1801 1723 1914 cique

501 1919 750 2050 abbatissae
781 1937 824 2004 et
853 1917 1047 2005 advocati
1080 1917 1328 2004 electionem
1358 1917 1568 2022 concedit.

356 2099 604 2203 (Cbrt'smon.)
641 2062 694 2216 ln
715 2121 869 2189 Nomine
893 2111 1043 2190 Sanctae
1062 2088 1097 2188 et
1123 2116 1332 2188 indiuiduas
1361 2093 1546 2219 Trinitatis
1567 2119 1721 2188 Herulus

354 2237 486 2312 Diuina
503 2237 663 2306 Fauente
688 2237 884 2308 Clementia
900 2239 1102 2326 imperator
1120 2241 1311 2326 Augustus.
1352 2235 1389 2303 Si
1407 2222 1569 2304 Membra
1593 2235 1723 2304 Christi

353 2335 551 2404 infirmiora
580 2337 652 2405 Sed
678 2334 965 2422 Habundantiori
991 2337 1138 2404 Honore
1167 2331 1391 2424 Dignissima
1415 2337 1547 2403 Debita
1566 2337 1723 2407 ueritate

355 2438 609 2530 amplectimur
645 2448 679 2503 et
706 2432 903 2525 imperialis
936 2431 1158 2504 austeritatis
1189 2435 1335 2504 Robore
1361 2437 1634 2504 communimus.
1686 2436 1723 2504 ld
1759 2513 1775 2522 υ

355 2535 461 2601 nobis
495 2547 530 2603 et
557 2537 599 2608 ad
635 2532 843 2626 temporalis
876 2535 1142 2626 tranquillitatis
1178 2537 1330 2623 gratiam
1348 2545 1382 2602 et
1409 2535 1453 2601 ad
1480 2546 1647 2603 aeternae
1672 2531 1721 2604 fe·

354 2630 498 2702 licitatio
524 2635 676 2726 gloriam
706 2636 932 2727 profuturum
960 2635 1036 2712 sine
1063 2635 1274 2704 hesitatione
1303 2633 1543 2716 confidimus.
1568 2635 1721 2704 Proinde

353 2731 511 2801 omnium
547 2735 716 2828 fidelium
750 2735 883 2804 Christi
916 2743 988 2804 tam
1027 2737 1268 2830 praesentium
1307 2757 1413 2826 quam
1453 2721 1720 2804 succedentium

353 2836 497 2902 nouerit
522 2835 709 2906 industria.
750 2829 904 2928 qualiter
929 2855 994 2905 nos
1023 2835 1281 2904 monasterium
1307 2835 1537 2904 beatissimae
1565 2857 1720 2925 semper·

352 2957 422 3025 que
448 2937 603 3026 uirginis
629 2935 753 3004 matris
780 2934 917 3003 domini
944 2936 1057 3004 nostri
1084 2937 1169 3003 Jesu
1196 2935 1327 3004 Christi
1354 2936 1551 3042 Maricam
1577 2935 1721 3004 ciuitate

353 3035 547 3122 ratispona.
577 3037 701 3126 quod·
688 3035 838 3101 ·dicitur
865 3034 1164 3102 oberenmunster
1190 3033 1289 3126 quod
1325 3033 1410 3125 piae
1423 3032 1636 3104 memoriae
1661 3057 1719 3126 ge·

353 3132 464 3198 nitrix
491 3145 614 3201 nostra
640 3135 790 3200 Hemma
817 3134 943 3222 regina
968 3156 988 3200 a
1013 3133 1176 3230 baturico
1204 3136 1441 3253 ratisponensi
1462 3137 1633 3231 episcopo
1654 3137 1720 3204 aol-

352 3232 488 3321 lempni
515 3254 556 3297 ac
581 3230 744 3320 legitimo
772 3231 983 3298 concambio
1011 3234 1159 3324 recepit.
1196 3235 1293 3302 ubi
1283 3257 1360 3324 ipsa
1367 3232 1630 3350 corporaliter.
1667 3257 1718 3304 sc

352 3335 453 3421 pulta
478 3331 681 3422 requiescit.
713 3332 751 3398 in
778 3342 921 3400 nostrae
949 3333 1183 3410 aemunitatis
1201 3333 1438 3418 (emunitatis)
1475 3320 1719 3424 defensionem

242 3507 251 3525 .
352 3430 589 3520 suscepimus.
626 3452 666 3498 ea
689 3431 1091 3526 uidelicetconditione.
1126 3446 1164 3503 ut
1190 3458 1308 3526 nsque
1334 3455 1411 3504 nos.
1444 3427 1719 3527 necquicquam

351 3529 551 3644 imperator
577 3540 638 3598 aut
663 3551 730 3604 rest
754 3541 815 3599 aut
841 3530 914 3599 dux
941 3545 1003 3601 aut
1031 3555 1148 3602 comes
1176 3544 1237 3600 aut
1262 3536 1395 3624 regalis
1430 3535 1585 3625 (regius)
1621 3555 1720 3602 exac-

352 3639 420 3697 tor.
458 3651 535 3697 stuc
562 3653 607 3700 ex
629 3631 809 3722 imperiali
835 3632 912 3701 siu'e
939 3634 1134 3724 expropria
1155 3629 1370 3702 auctoritate
1389 3626 1585 3726 quidquam
1604 3635 1718 3726 (quic-

352 3735 477 3820 quam)
518 3727 570 3797 ibi
605 3731 794 3802 ordinandi
827 3743 889 3801 aut
923 3733 1093 3822 exigendi
1122 3726 1251 3801 habeat
1282 3745 1509 3824 potestatem.
1568 3735 1718 3803 Sorores

248 3826 252 3832 ’
350 3829 494 3919 quidem
521 3831 701 3901 abbatissa
727 3833 936 3902 decedente.
976 3833 1092 3899 aliam
1108 3854 1214 3924 quae
1210 3831 1396 3916 succedat
1428 3818 1589 3904 moribus
1613 3843 1717 3926 atquc

350 3929 426 3997 uita
460 3931 648 4045 probabile
686 3933 948 4026 (probabilem)
988 3930 1204 4003 unanimiter
1236 3943 1343 4028 ‘atque
1380 3932 1560 4026 legitime
1576 3933 1718 4023 eligant.

1591 4033 1720 4101 -cui
