3772 4722
1135 49 1228 139 ,μ’

385 305 475 398 280
773 255 1040 416 'loiploman
1067 291 1381 424 Imperatorum

384 536 496 606 tentia
520 545 607 604 tuuc
630 529 802 626 precipue
827 534 883 603 sni
907 532 1063 604 nominis
1078 497 1213 604 'titulos
1237 530 1388 624 ampliat,
1418 539 1456 602 ct
1489 527 1639 610 extollit„
1675 516 1754 608 cum

249 717 251 724 Ι
383 637 465 706 loca
492 634 614 703 diuino
641 635 752 703 cultui
778 633 982 723 mancipata
1008 645 1044 702 et
1070 653 1241 724 personae
1267 633 1304 700 in
1331 629 1465 702 eisdem
1486 631 1755 704 dominatamu·
1878 693 1880 724 4

383 739 501 805 lantes
537 728 595 824 pia
628 734 756 802 mentis
792 734 978 802 affectione
1004 734 1042 802 in
1068 733 1267 803 auisfouet
1293 730 1433 800 iuribus
1460 741 1649 802 eteorum
1676 755 1755 823 sup·
1878 789 1880 806 ⁴

382 835 638 926 plicationihua
665 833 915 902 fauorabiliter
940 855 979 904 se
1006 833 1166 900 inclinat.
1218 833 1293 900 Hac
1319 827 1498 922 siquidem
1535 829 1677 902 ratione
1712 835 1754 904 ad

382 935 643 1002 modernorum
670 943 705 1000 et
730 932 936 1018 futurorum
962 934 1104 1023 plenam
1128 932 1304 1001 noticiam
1327 930 1520 1020 peruenire
1538 931 1703 1021 cupimus
1720 945 1755 1004 et
1792 973 1799 982 ·

286 1107 298 1120 ‚
383 1033 563 1126 protendi.
591 1031 687 1124 quod
715 1053 780 1100 nos
807 1033 851 1100 ed
878 1032 1176 1122 supplicationem
1202 1029 1350 1100 Alhardi
1376 1030 1593 1119 venerabilia
1616 1029 1755 1100 abbatis
1832 1058 1836 1064 ·

384 1133 429 1202 de
454 1133 551 1199 libra
578 1131 932 1220 suiqueconuentus
959 1127 1196 1201 cisterciensis
1217 1128 1353 1200 ordinis
1369 1127 1529 1198 fidelium
1547 1140 1753 1198 nostrorum

385 1232 577 1325 salubriter
602 1230 649 1297 sd
673 1224 916 1305 imitacionem
931 1229 1098 1299 diuorum
1119 1225 1393 1319 progenitorum
1413 1239 1619 1323 nostrorum
1640 1230 1754 1320 ipsam

274 1403 275 1408 ,
333 1395 336 1404 ,
383 1331 573 1400 ecclesiam
599 1330 841 1399 Ebracensem
868 1351 949 1397 cum
975 1328 1140 1419 personis
1165 1340 1202 1397 et
1222 1329 1390 1400 omnihus
1411 1325 1516 1396 bonis
1535 1328 1662 1398 suiset
1680 1351 1754 1418 spe·
1880 1359 1881 1362 ¹

383 1432 524 1499 cialiter
550 1451 629 1498 cunr
659 1431 785 1518 predio
812 1429 855 1498 de
872 1430 1049 1524 Swabach
1074 1450 1155 1497 cum
1169 1429 1346 1498 'attinente
1366 1426 1434 1496 sibi
1453 1425 1646 1518 parrochia
1663 1430 1753 1497 eiua·

156 1535 160 1542 '
268 1570 274 1579 .
384 1553 453 1621 que
489 1528 715 1619 pertinentiis
749 1527 815 1598 sub
851 1539 974 1598 nostre
1007 1539 1043 1598 et
1079 1528 1224 1618 inperii
1244 1527 1479 1618 protectionis
1511 1525 1670 1618 presidio
1706 1549 1755 1598 as·

382 1628 602 1718 sumpsimus
629 1627 773 1716 speciali
801 1629 1015 1722 auctoritate
1041 1636 1190 1717 paterna
1216 1649 1287 1718 qus
1306 1624 1493 1716 fungimur
1509 1635 1543 1695 et
1560 1637 1684 1712 nostra
1700 1625 1754 1696 fir·

382 1727 492 1796 miter
516 1734 715 1794 statuentes
737 1735 776 1794 ut
802 1723 893 1796 sicut
919 1725 1010 1795 ordo
1036 1723 1274 1798 cisterciensis
1300 1725 1345 1794 ab
1372 1720 1471 1800 omni
1495 1725 1755 1794 aduocatorum

381 1847 516 1916 genere
543 1827 643 1893 iuxta
668 1825 875 1916 primariam
900 1825 1164 1908 institutionem
1198 1847 1300 1894 suam
1333 1845 1476 1916 semper
1509 1827 1603 1894 liber
1636 1824 1756 1894 extitit

381 1936 419 1994 et
444 1924 610 1995 inmunis.
629 1925 691 1994 'sic
718 1923 887 2016 deinceps
914 1925 1038 1996 eadem
1064 1923 1215 1996 erotesis
1240 1934 1392 2016 excepto
1415 1925 1495 1996 solo
1508 1923 1756 1996 Romanorum

379 2024 588 2114 inperatore
615 2025 702 2094 nulli
728 2031 878 2116 prorsus
904 2023 1162 2096 aduocatorum
1187 2024 1257 2095 nisi
1286 2025 1342 2094 cui
1369 2025 1573 2100 voluntarie
1600 2046 1638 2095 se
1674 2025 1755 2094 sub·

299 2154 303 2162 ·
380 2121 509 2194 iecerit
535 2125 586 2194 ita
612 2123 710 2220 quod
735 2127 828 2196 velle
854 2147 958 2195 suum
984 2137 1112 2218 postea
1137 2127 1255 2197 valeat
1278 2125 1549 2216 inmutareper
1573 2123 1702 2216 predia
1720 2135 1756 2194 et

378 2223 627 2314 possessiones
654 2244 735 2292 suas
761 2225 988 2317 aliquatenus
1014 2228 1060 2296 sit
1084 2225 1257 2304 subiecta.
1307 2227 1387 2319 Quo
1414 2220 1510 2292 eirca
1542 2224 1755 2298 mandamus

288 2405 290 2410 ¹
378 2343 447 2412 per
472 2323 660 2391 obtentum
686 2325 808 2412 gracie
836 2325 960 2393 domni
986 2335 1023 2394 et
1050 2326 1164 2416 patris
1198 2323 1311 2394 nostri
1337 2325 1582 2392 Romanorum
1608 2325 1755 2418 inpera-

378 2421 470 2492 toris
496 2420 670 2492 Friderici
697 2421 844 2491 secundi
872 2433 908 2492 et
933 2435 1055 2494 nostre
1082 2423 1321 2514 precipientes
1346 2422 1498 2492 firmiter
1523 2433 1560 2492 et
1592 2421 1755 2494 districte

377 2529 420 2610 ut
453 2521 553 2589 nulla
588 2519 633 2588 sit
665 2542 822 2610 persona
854 2518 1000 2593 humilis
1033 2525 1092 2592 uel
1122 2525 1195 2593 alta
1222 2523 1464 2592 ecelesiastica
1489 2524 1549 2592 uel
1574 2522 1756 2593 mundana

292 2643 294 2648 ’
379 2641 451 2711 que
477 2618 683 2710 predictum
709 2622 964 2692 monasterium
991 2633 1028 2693 et
1053 2644 1227 2716 personas
1254 2623 1291 2692 in
1324 2643 1368 2692 eo
1401 2620 1551 2692 domino
1583 2621 1756 2692 famulan-

377 2728 433 2788 tes
459 2739 570 2810 super
595 2720 772 2809 premisso
799 2719 927 2812 predio
953 2713 990 2791 in
1017 2723 1194 2795 Swahach
1220 2734 1256 2792 et
1280 2719 1432 2792 eeclesia
1458 2731 1649 2812 prenotata
1672 2743 1754 2792 cum

376 2817 451 2888 suis
485 2819 712 2910 pertiuentiis
743 2833 928 2911 presumat
960 2825 1022 2892 uel
1055 2822 1186 2892 audeat
1211 2831 1337 2891 eontra
1361 2831 1566 2914 presentem
1592 2831 1755 2892 nostram

376 2917 532 3009 gratiam
557 2922 748 2988 molestare
766 2921 872 3015 Quod
898 2922 959 3014 qui
986 2922 1257 3012 presumpserit.
1285 2920 1572 3010 indignationem
1590 2930 1754 2992 nostram

257 3073 259 3078 .
378 3028 415 3086 et
440 3015 572 3107 inperii
598 3039 636 3086 se
662 3021 807 3087 noverit
833 3020 1007 3088 incuriose
1035 3018 1275 3102 (incurrisse).
1326 3022 1441 3090 lluins
1461 3021 1514 3088 rei
1534 3030 1641 3090 testes
1657 3034 1752 3092 sunt.

377 3115 606 3184 Hermannus
622 3111 912 3205 herwipolensis.
947 3117 1152 3186 Fridericns
1168 3118 1407 3190 heistetensis.
1445 3119 1643 3193 bardolfus
1659 3143 1753 3193 svor·

377 3211 569 3282 mariensis
595 3215 766 3302 episcopi.
817 3214 1009 3286 Heinricus
1045 3217 1255 3306 langrauius
1279 3217 1462 3309 Turingie.
1516 3218 1752 3290 Gebelrardus

376 3311 421 3383 de
440 3311 619 3382 Arnstein.
671 3309 862 3382 Gott'ridus
883 3313 926 3383 de
942 3317 1157 3386 hohenloch.
1194 3315 1324 3386 liralto
1345 3317 1389 3386 de
1409 3317 1623 3387 bokesberc.
1660 3319 1752 3390 Cun-

377 3411 487 3480 radus
523 3412 695 3502 pincerna
729 3413 773 3480 de
798 3415 1060 3485 wintersteten.
1113 3417 1301 3487 Cunradus
1327 3416 1371 3484 de
1398 3415 1604 3486 Smidevelt.
1655 3421 1749 3488 Mar·

377 3509 537 3602 quardus
562 3511 822 3600 Buttigularius
857 3511 901 3581 de
924 3515 1162 3584 Nurenberc.'
1205 3515 1395 3584 Csnradus
1425 3515 1586 3584 notarius
1621 3528 1657 3588 et
1690 3517 1750 3587 alii

374 3610 646 3701 quamplures.
700 3614 787 3679 Aeta
815 3613 1104 3696 annodouainice
1123 3615 1397 3682 incarnacionis.
1435 3612 1641 3684 Millesimo.
1677 3619 1749 3686 Du·

369 3706 582 3796 centesimo.
635 3708 930 3803 Quadragesimo.
975 3735 1096 3783 mense
1129 3714 1351 3782 nouembris.
1391 3714 1660 3806 quartadecime
1696 3717 1749 3786 ln·

372 3805 553 3875 dictionis.
603 3805 694 3876 Data
720 3807 815 3898 apud
833 3809 1024 3884 Nurenber
1045 3813 1290 3899 (Nurenberc)
1308 3811 1431 3885 mense
1446 3813 1648 3885 ludictione
1668 3835 1747 3908 pre·

372 3905 518 3995 scriptis
545 3904 700 3976 feliciter
725 3913 849 3978 Amen.
1589 3951 1599 3960 ·

1574 4102 1739 4190 ¹⁰l
