3804 4718
647 287 652 292 Ι
687 317 954 410 Auchanrica
1436 331 1518 420 tut
1644 273 1650 286 ι

129 559 216 630 rint
241 556 289 627 ad
314 552 572 650 inquisiturum
597 565 633 624 et
658 553 811 626 aiiorum
837 555 1288 626 catholicorum-uirdrum
1307 555 1521 632 insinuatio.

128 683 245 748 nem,
275 679 337 728 eos
364 679 496 748 capere
522 667 722 728 teneantur.
749 668 784 726 et
811 659 934 750 daptoe
950 657 1073 730 „artius
1099 658 1290 728 custodire.
1319 657 1435 744 donec
1453 683 1521 752 pm·

131 781 335 830 censuram
371 755 650 826 ecelesiasticam
686 761 982 849 condempnatos.
1017 758 1238 850 dampnabili
1272 771 1391 828 morte
1425 762 1521 851 peri·

128 870 252 932 munt„
283 859 344 950 qui
372 858 456 946 fidej
484 867 518 925 et
543 860 618 927 uite
653 871 877 928 sacramenta
909 857 1163 950 demonstrant.
1224 858 1337 928 Simili
1371 883 1520 954 quoque

129 983 235 1054 pena
263 957 371 1050 plecti
399 980 603 1044 censemus,
630 980 755 1029 omnes
781 981 872 1052 quos
898 960 944 1028 ad
966 958 1165 1027 fouendum
1192 959 1437 1033 hereticorum
1465 985 1519 1030 er·

104 1083 276 1130 ¹rorent.
304 1051 422 1128 caltidi
449 1061 561 1128 hostis
588 1061 716 1128 astutia
742 1059 890 1130 suscitet
915 1061 1131 1145 aduocatos,
1158 1061 1217 1128 uel
1244 1069 1344 1150 parnt
1371 1059 1516 1146 illicitos

129 1151 364 1232 defensores.
418 1161 575 1228 Maxime
602 1181 684 1228 eum
711 1163 849 1231 fucinus
876 1183 967 1254 quos
993 1159 1167 1252 inquinat.
1194 1171 1312 1252 equet.
1340 1161 1407 1228 nisi
1441 1183 1516 1232 mo·

129 1262 278 1332 uitione
305 1261 482 1350 premissa
507 1261 722 1330 destiterint.
750 1273 936 1331 eteorum
961 1261 1035 1329 uite
1061 1260 1230 1328 duxertnt
1246 1259 1515 1331 consulendum.

126 1365 207 1452 Eos
237 1370 406 1450 preterea
434 1361 494 1452 qui
521 1359 678 1451 conuictj
705 1363 740 1428 in
770 1386 840 1430 unc
867 1366 951 1430 loco
977 1362 1022 1430 dc
1049 1359 1169 1428 heresi
1193 1359 1239 1428 ad
1265 1361 1335 1428 alia
1361 1363 1444 1429 loce
1475 1384 1514 1432 se

111 1461 362 1532 'transferunt
389 1469 426 1529 ut
452 1463 589 1529 certius
615 1462 755 1552 possint
782 1462 964 1531 effundere
991 1461 1096 1533 uirus
1118 1460 1279 1529 heretice
1312 1462 1514 1553 prauitatis,

125 1554 307 1630 debitum
324 1582 512 1628 censemus
534 1561 657 1630 subire
684 1562 891 1632 uindictam.
917 1562 978 1630 ubi
1006 1583 1115 1651 super
1139 1564 1208 1628 hoc
1233 1582 1300 1651 per
1332 1563 1432 1631 uiros
1466 1563 1513 1630 ab

125 1661 264 1730 eodem
297 1683 424 1730 errore
460 1683 656 1730 conuersos
692 1661 737 1729 ad
771 1663 888 1732 fidem.
913 1684 1054 1732 necnon
1082 1682 1148 1752 per
1173 1663 1262 1730 elios
1289 1661 1350 1753 qni
1375 1681 1440 1732 eos
1467 1661 1513 1732 de

124 1761 256 1832 heresi
282 1762 519 1830 conuicer'unt
546 1762 643 1854 quod
669 1762 704 1828 in
731 1765 799 1832 hoc
826 1784 909 1831 casu
936 1764 1033 1832 licite
1051 1761 1513 1832 concedimuatactanduna

124 1862 284 1932 euidens
310 1863 555 1930 testimonium
579 1864 763 1930 habeatur.
815 1867 903 1932 item
921 1865 1050 1932 mortis
1068 1861 1254 1932 Sententie
1271 1863 1438 1932 duximus
1455 1861 1513 1930 ad·

123 1961 317 2032 dicendos.
344 1960 467 2054 siquos
494 1964 734 2031 hereticorum
759 1961 809 2060 ¹ad
832 1963 1003 2032 iudicium
1031 1974 1176 2050 tractos,
1203 1964 1241 2030 in
1260 1973 1422 2030 extremo
1438 1945 1533 2031 uite*

121 2065 296 2154 periculo
323 2063 477 2131 heresim
504 2064 711 2131 abiurantes
738 2065 969 2153 postmodum
995 2063 1039 2131 de
1066 2063 1157 2130 saiso
1191 2063 1393 2130 iuramento
1429 2083 1512 2134 con·

122 2164 274 2235 stiterit.
305 2169 340 2230 et
367 2161 435 2230 tide
464 2165 613 2232 mentita
639 2164 817 2252 conuincj.
845 2187 885 2232 ac
912 2185 976 2232 eos
997 2161 1193 2253 contigerit
1213 2157 1373 2231 eiusdem
1393 2161 1511 2230 morbi
1551 2199 1559 2214 ·
1697 2161 1725 2210 ·'

123 2270 368 2354 spontaneam
395 2262 582 2331 incurrere
609 2265 804 2332 recidiuam
843 2275 883 2333 ut
910 2265 979 2334 sibi
995 2263 1260 2353 dampnabitius
1276 2257 1447 2360 iniquitas
1464 2262 1512 2332 sit

125 2364 296 2432 mentita.
321 2371 357 2430 et
382 2384 511 2452 penam
538 2363 696 2431 debitam
723 2363 948 2434 mendacium
974 2385 1046 2433 non
1075 2362 1212 2432 euadat.
1265 2363 1381 2433 Omne
1416 2362 1511 2431 insu·
1615 2393 1620 2401 ·

126 2485 198 2554 per
233 2460 530 2554 proclamationis
564 2485 605 2531 ac
640 2465 892 2555 appellationis
925 2463 1141 2534 beneficium
1175 2463 1221 2531 ab
1246 2462 1430 2533 hereticis.
1457 2483 1512 2530 re·

130 2563 396 2654 ceptetcribna.
423 2573 457 2630 et
483 2558 687 2632 fautoribus
706 2566 903 2634 eorundem
921 2567 1065 2657 penitus
1086 2581 1305 2635 amonemus.
1339 2561 1511 2631 volantes

129 2673 173 2736 ut
200 2663 250 2732 de.
274 2663 404 2732 finibus
431 2665 606 2732 aiamanie
634 2665 803 2756 inquibus
828 2687 973 2758 semper
998 2665 1115 2735 extitit
1141 2663 1211 2730 fida
1235 2664 1334 2730 fides.
1351 2661 1511 2730 heretice

126 2763 225 2832 iubis
250 2763 433 2853 genimine
458 2764 575 2832 modis
600 2765 768 2833 omnibus
795 2765 994 2836 deleantur.
1047 2767 1214 2832 Ceterum
1253 2762 1337 2853 quia
1372 2756 1510 2852 quanto

128 2863 272 2932 maiore
299 2860 420 2932 diuine
449 2863 540 2932 tuitn
568 2864 817 2958 miserationis
835 2865 1050 2958 occepimus.
1070 2875 1106 2932 et
1121 2862 1289 2932 altiorem
1306 2863 1428 2929 locum
1444 2855 1509 2950 p're

128 2962 215 3034 filiis
244 2963 430 3032 hominum
458 2965 663 3056 optinemus
691 2975 790 3034 tanto
816 2965 1007 3034 deuotione
1033 2964 1206 3036 debemus
1233 2958 1411 3052 obsequia
1433 2981 1512 3050 gra·

129 3063 299 3134 titudinis
325 3064 536 3154 conferentj.
554 3057 594 3134 'si
621 3065 765 3158 quendo
791 3065 903 3155 igitur
928 3065 965 3133 in
991 3065 1107 3134 nostri
1133 3061 1326 3162 matedioos
1354 3059 1511 3130 nominis

130 3161 253 3251 nostrj
279 3165 446 3234 culminis
462 3166 688 3253 excandescit
703 3167 904 3238 auctoritas.
930 3166 960 3236 si
978 3187 1061 3235 reos
1078 3167 1152 3234 lese
1168 3158 1363 3232 maiestatis
1378 3160 1414 3227 in
1431 3183 1514 3251 per·

133 3263 237 3334 sonis
271 3285 397 3332 eorum
433 3274 469 3332 et
502 3287 650 3333 suorum
685 3268 886 3336 liberorum
920 3261 1230 3334 exhereditatione
1265 3262 1510 3352 dampnamus.

129 3365 248 3432 multo
275 3359 427 3454 dignius
444 3364 644 3457 iustinsque
670 3377 798 3436 contra
823 3363 949 3456 diuinj.
968 3367 1285 3455 blasphmatores
1301 3360 1456 3430 numinis
1474 3370 1510 3428 et

131 3463 310 3532 catholice
337 3465 560 3534 detractores
586 3464 669 3534 fidei
697 3487 949 3555 prouocemus.
969 3464 1167 3536 eorundem
1184 3463 1437 3531 hereticorum.
1456 3482 1509 3528 re·

129 3573 369 3654 ceptatorum.
399 3565 580 3634 fautorum
607 3576 643 3633 et
669 3567 925 3634 aduocatorum
952 3588 1101 3634 suorum
1134 3562 1288 3632 heredes
1323 3571 1361 3630 et
1391 3571 1510 3650 poste·

129 3683 191 3734 ros
218 3684 335 3756 usquc
362 3663 408 3733 ad
433 3665 628 3736 secundam
654 3667 868 3758 progeniem
893 3665 1079 3737 beneficiis
1094 3660 1236 3736 umetis
1249 3660 1507 3752 temporalibus
1563 3658 1574 3670 “

24 3850 27 3858 λ
128 3762 285 3854 publicis
319 3764 454 3834 officiis.
489 3775 526 3834 et
549 3764 749 3838 honoribus
776 3765 955 3857 imperiali
981 3768 1197 3838 auctoritate
1224 3761 1429 3854 priuuotes,
1467 3770 1507 3828 ut

129 3864 167 3932 in
199 3860 346 3956 paterni
378 3865 555 3936 memoria
586 3863 750 3944 criminis
784 3868 956 3939 continuo
990 3864 1358 3956 marmaricenus
1410 3857 1506 3927 Vere

91 4022 92 4025 ,
131 3961 288 4032 scientes
323 3963 409 4056 quia
442 3963 529 4034 deus
564 3966 702 4037 celotes
735 3977 789 4036 est
815 3977 967 4059 peccatu
989 3978 1131 4058 petrum
1150 3961 1314 4038 ,imfiiios
1339 3969 1508 4051 potenter

131 4063 320 4134 ulciscens.
347 4084 414 4134 neo
438 4063 477 4134 id
502 4087 524 4136 a
545 4066 819 4138 misericordiae
845 4067 978 4138 finibus
997 4065 1167 4136 duximus
1183 4059 1456 4196 excludendum.
1470 4067 1510 4126 ut
