3804 4718
392 311 452 416 98
590 262 592 266 .
674 382 696 393 .,
804 303 1049 420 Diplomnta
1076 303 1389 418 Imperatorum
1518 283 1520 288 ⁵
1585 297 1599 316 '
1698 412 1704 420 Α

333 567 341 579 ·
391 535 556 608 cessione
580 543 646 608 sut
670 537 896 629 potuerimus
923 539 1097 620 obtinere.
1126 537 1189 608 sed
1215 559 1295 608 cum
1315 538 1444 607 effectu
1458 538 1533 608 suis
1544 539 1674 610 usibus
1689 549 1762 612 stu·

391 637 557 706 debimus
592 636 792 708 defensore.
852 643 940 710 Item
974 640 1068 708 sicut
1090 640 1227 728 justum
1254 649 1317 708 est.
1344 635 1675 712 excommunicatos
1701 661 1762 709 eo·

390 759 483 808 rum.
518 735 604 805 dum
635 747 758 807 tumen
794 739 839 806 cb
866 739 953 828 ipsis
978 742 1067 808 virc-
1084 761 1182 825 uoce.
1208 740 1265 808 vel
1291 761 1357 828 per
1382 741 1521 808 litteras
1549 761 1675 850 eorum
1702 743 1763 810 vel

390 859 459 926 per
481 839 654 908 honestos
679 838 829 916 nuncios
854 839 927 909 fide
955 839 1083 929 dignos
1110 839 1215 908 nobis
1242 837 1447 907 denunciati
1474 839 1611 926 fuerint
1636 841 1763 909 vitabi-

378 957 481 1006 mus.
516 945 553 1006 et
584 937 656 1006 nisi
686 940 786 1029 prius
821 939 1061 1009 absolvantur.
1097 959 1170 1007 non
1204 939 1444 1006 concedemus
1479 940 1531 1008 eis
1565 961 1761 1029 personam

388 1035 507 1104 utendi
531 1035 678 1122 judicio.
703 1041 754 1108 sic
780 1039 1051 1130 distinguentes.
1077 1037 1176 1130 quod
1200 1031 1523 1108 excommunicatio
1538 1060 1611 1107 non
1628 1041 1763 1108 eximat

389 1157 453 1204 cos
477 1137 499 1204 s
524 1137 775 1228 respondendo
807 1139 1074 1228 impetentibus.
1105 1137 1170 1206 sed
1204 1138 1282 1206 sinc
1308 1135 1499 1206 advocetis.
1524 1139 1679 1228 perimat
1703 1161 1764 1208 cu·

389 1243 465 1306 tem
491 1231 530 1304 iu
555 1237 607 1306 cis
630 1237 689 1328 jus
715 1249 752 1308 et
776 1249 992 1328 potestntem
1018 1235 1159 1306 ferendi
1185 1235 1384 1305 Sententiae
1408 1247 1447 1305 et
1479 1239 1694 1308 testimonia.
1727 1249 1764 1308 et

387 1335 480 1406 alios
504 1335 715 1427 impetendi.
762 1339 809 1406 Et
834 1339 919 1432 quis
943 1336 1086 1428 gladius
1113 1338 1309 1406 materialis
1325 1338 1541 1406 constitutus
1559 1337 1666 1406 estin
1681 1339 1764 1408 sub·

390 1431 522 1507 sidium
546 1437 657 1529 glndii
683 1439 893 1530 spiritualis.
917 1437 1339 1508 excommunicationem.
1368 1437 1399 1504 si
1434 1434 1765 1507 excommunicatos

389 1535 429 1602 in
453 1555 498 1603 ec
521 1537 619 1606 ultra
642 1539 699 1617 vt,
722 1539 960 1628 Septimnnas.
973 1539 1183 1628 perstitisse.
1202 1535 1472 1627 praedictorum
1488 1537 1682 1606 modorum
1702 1533 1764 1604 ali·

388 1654 463 1725 quo
496 1635 603 1704 nobis
629 1638 843 1706 constiterit.
876 1647 1000 1705 nostra
1029 1637 1253 1727 proscriptio
1278 1635 1528 1727 subsequetur
1562 1657 1636 1706 non
1663 1658 1766 1706 revo-

391 1733 505 1801 ccnds
530 1733 600 1803 nisi
625 1738 728 1827 prius
754 1737 1077 1806 excommunicatio
1102 1745 1304 1805 revocetur.
1365 1737 1426 1806 Sic
1450 1727 1579 1830 utique
1609 1736 1764 1832 aliisque

389 1833 509 1904 modis
535 1837 702 1904 omnibus
728 1838 823 1905 iusto
845 1835 1016 1906 videlicet
1040 1843 1077 1904 et
1103 1836 1237 1905 efficaci
1261 1831 1398 1924 judicio
1419 1833 1507 1927 ipsis
1525 1835 1698 1928 prodesse
1715 1847 1766 1922 nt-

256 2008 261 2021 ·
392 1955 463 2024 quc
488 1955 645 2024 preesse.
670 1935 822 2005 firmiter
848 1936 1173 2027 compromisimus.
1198 1947 1238 2004 et
1262 1935 1332 2026 ipsi
1358 1957 1461 2006 versa
1486 1935 1766 2007 vice.'fide.dsta

391 2034 649 2127 promiserunt.
677 2036 777 2126 quod
803 2046 931 2105 contra
956 2031 1100 2104 omnem
1126 2035 1320 2104 hominem.
1351 2037 1415 2127 qui
1438 2037 1502 2104 tali
1524 2046 1649 2106 nostro
1672 2033 1765 2124 iudi·

392 2132 449 2200 ‘dio
475 2132 562 2223 ipsis
588 2135 792 2204 exhibendo
817 2137 995 2205 violenter
1020 2137 1203 2206 restiterit.
1229 2135 1570 2226 nobis‘pro‘viribus
1597 2137 1673 2206 cuis
1693 2139 1764 2205 effi·

392 2233 526 2301 cnciter
550 2235 727 2305 assistent.
780 2238 869 2304 ltem
895 2236 1158 2304 constituimus.
1183 2244 1225 2304 ut
1250 2235 1349 2302 nulls
1374 2236 1525 2305 edificia.
1565 2245 1682 2305 castre
1713 2235 1766 2306 vi·

392 2330 525 2402 delicet
548 2353 612 2402 ssu
638 2335 818 2406 Civitates.
845 2335 883 2402 in
908 2334 1030 2420 fundis
1053 2335 1310 2418 ecclesinrum,
1351 2337 1409 2404 vel
1434 2335 1767 2406 occasioncmdtm·

393 2431 486 2501 entis
509 2434 569 2502 vel
594 2433 665 2501 clio
691 2437 874 2526 quoquam
900 2443 1069 2525 pretextu
1094 2444 1358 2526 construantur.
1384 2435 1468 2505 etsi
1485 2435 1766 2529 qunfortcsunt
1796 2484 1799 2501 .

395 2540 613 2600 constructe.
646 2543 774 2604 contro
799 2534 1028 2602 'voluntatem
1060 2555 1188 2602 eorum
1219 2534 1353 2624 quibus
1378 2533 1482 2604 fundi
1514 2531 1676 2604 attinent.
1715 2535 1768 2604 di·

395 2638 548 2700 ruantur
572 2631 674 2723 regia
698 2642 888 2724 potestate.
940 2635 1029 2700 ltem
1048 2633 1262 2702 inhibemus.
1282 2631 1329 2702 ad
1353 2628 1590 2704 imitationem
1617 2636 1673 2706 ari
1703 2647 1768 2703 n'o·

393 2730 460 2798 stri
486 2729 601 2800 felicis
627 2732 812 2801 memorie.
864 2733 1094 2822 imperatoris
1118 2732 1296 2822 Friderici
1320 2755 1366 2801 ne
1385 2735 1465 2825 quis
1480 2735 1682 2803 officialium
1701 2757 1767 2802 no·

393 2842 556 2911 utrorum
587 2831 625 2900 in
652 2830 866 2922 Civitatibus
900 2834 1098 2902 eorundem
1134 2834 1350 2924 principum.
1389 2833 1675 2921 jurisdictionem
1709 2835 1771 2902 nli·

394 2915 887 3023 quamsivcinTheloneis
914 2934 1051 3002 sivein
1076 2935 1232 3002 monetis
1256 2953 1320 3048 8⁰
1346 2933 1383 2999 in
1408 2930 1488 3002 eliis
1522 2934 1649 3004 officiis
1684 2957 1770 3025 qus·

393 3032 633 3121 lihnscuuque
659 3031 730 3099 sibi
754 3031 931 3100 vendicet.
957 3031 1027 3098 nisi
1054 3053 1121 3120 per
1136 3033 1222 3098 Vlll.
1242 3030 1317 3098 dies
1335 3041 1419 3100 onte
1436 3033 1580 3102 Curiam
1596 3042 1768 3104 nostram.

393 3128 530 3198 ibidem
556 3129 702 3218 publice
726 3128 908 3197 indictum.
935 3137 971 3195 et
997 3135 1071 3217 per
1088 3129 1179 3197 Vlll.
1205 3128 1283 3196 dies
1309 3138 1391 3218 post
1418 3153 1498 3199 enm
1528 3133 1665 3202 finitum
1698 3155 1767 3204 nec

394 3227 503 3296 etiam
529 3247 597 3316 per
622 3227 767 3314 eosdem
792 3227 869 3294 dies
895 3225 931 3293 in
959 3227 1079 3316 aliquo
1106 3227 1282 3296 excedere
1309 3241 1517 3317 presumant
1547 3231 1771 3319 jurisdictio·

393 3347 478 3396 nem
504 3325 688 3418 principis.
716 3335 753 3394 et
768 3325 1058 3396 Consuetudincs
1076 3327 1250 3397 Civitatis.
1302 3331 1620 3424 Quotienscunque
1646 3343 1767 3402 autem

394 3427 442 3500 nd
474 3429 633 3519 aliquam
660 3421 867 3496 Civitstum'
892 3447 1019 3495 eorum
1052 3427 1321 3497 accesserimus.
1347 3429 1424 3500 sine
1449 3433 1597 3499 nomine
1622 3435 1767 3522 publice

396 3530 522 3600 curios
548 3527 659 3596 nichil
682 3527 722 3596 in
746 3527 809 3595 illn
832 3523 924 3616 juris
949 3525 1114 3596 hnbcant.
1138 3528 1202 3596 sed
1228 3529 1399 3620 princeps
1425 3539 1461 3596 et
1485 3529 1652 3601 dominus
1679 3532 1768 3620 ejus.

318 3682 325 3698 .
396 3630 505 3722 plena
538 3628 576 3696 in
607 3648 652 3698 en
684 3627 838 3718 gaudent
872 3637 1060 3718 potestate.
1120 3629 1213 3698 Sane
1239 3639 1375 3720 quanto
1400 3627 1525 3698 Fidem
1551 3632 1768 3721 ampliorem

395 3728 643 3822 predictorum
669 3727 876 3818 Principum
902 3728 998 3796 circa
1023 3750 1092 3798 nos
1116 3728 1371 3798 intelleximus.
1396 3739 1499 3800 tento
1530 3735 1767 3804 excellentius

395 3849 523 3898 eorum
549 3828 774 3920 profectibus
799 3847 942 3918 semper
957 3828 1185 3897 intendimus.
1205 3828 1428 3918 prospicere.
1445 3839 1482 3898 et
1497 3831 1669 3923 quonism
1687 3845 1768 3904 acts

396 3930 584 3999 hominum
610 3927 756 3999 Oblivio
779 3927 926 3998 inimica
950 3927 1137 4000 memorie.
1163 3950 1231 4018 per
1253 3930 1402 4018 longam
1428 3938 1633 4021 temporum
1648 3935 1768 4003 evolu-

397 4030 535 4101 tionem
562 4027 723 4120 Scpelire
757 4031 849 4100 solet
882 4029 1071 4121 diligentia
1102 4022 1325 4121 vigilantiori
1358 4028 1529 4100 adhibita.
1553 4034 1620 4100 hec
1644 4043 1768 4105 nostre
