3864 4728
366 305 455 424 390
488 238 495 250 *
703 299 950 418 Diplomsta
978 295 1086 388 false
1118 319 1159 386 et
1186 266 1405 420 ¹rescripta·
1469 320 1473 343 ¹

463 545 556 614 Data
579 537 809 631 Radiapoaae
831 555 930 608 'sano
955 536 1002 606 ab
1028 535 1274 608 incarnatione
1298 537 1499 634 nocenti.
1549 541 1748 634 Regnaute

364 647 503 720 domno
531 654 656 714 nostro
682 643 796 714 Jhceu
822 635 956 710 christo
981 637 1137 708 feliciter
1162 641 1286 708 Amen.

306 893 312 904 '
435 891 469 970 a)
497 881 672 974 Sigillum,
699 882 790 945 cuius
816 900 891 964 pars
917 889 1033 957 restat,
1068 901 1141 944 cum
1168 879 1294 967 integro
1320 891 1614 969 monogrammate,
1647 885 1753 947 verba

493 986 590 1049 etiam
606 1000 863 1072 ,monogramma
887 979 1085 1057 indicantia,
1121 982 1320 1043 conveniunt
1344 978 1457 1044 Ottoni
1481 983 1522 1043 11.
1547 981 1753 1063 imperatori.

490 1087 564 1167 Ipse
590 1083 718 1158 charta,
742 1082 926 1166 peritotnm
953 1078 1203 1143 instrumentum
1227 1077 1348 1143 rasuris
1374 1093 1405 1144 et
1430 1081 1618 1145 correcturis
1645 1081 1754 1147 defor-

491 1194 599 1262 mata,
622 1181 784 1268 insignem
810 1178 1096 1243 anachronismum
1124 1181 1285 1257 continet,
1309 1201 1372 1264 quo
1407 1180 1754 1263 ineptissime'annus

430 1289 431 1294 ’
495 1295 587 1360 80⁴,
606 1281 697 1366 quasi
722 1279 886 1344 Ludovico
911 1279 969 1341 Pio
996 1278 1184 1357 conveniat,
1214 1293 1246 1344 et
1269 1280 1338 1366 ipse
1362 1281 1544 1343 Ludovicua
1570 1281 1647 1346 Pius
1674 1303 1754 1347 con·

496 1380 925 1466 temporaneusexhihetur
951 1379 1200 1457 Erchamherto,
1225 1381 1371 1463 episcopo
1396 1379 1600 1469 Friaingenai
1623 1395 1655 1446 et
1681 1401 1766 1448 cae.

492 1484 569 1548 teris
597 1479 754 1564 episcopis
779 1481 865 1544 inter
888 1498 992 1542 annos
1019 1487 1141 1550 8472-
1156 1489 1217 1546 854
1242 1477 1444 1560 viventibus,
1477 1481 1586 1565 sicque
1611 1479 1752 1546 confun-

488 1583 577 1647 ditur
602 1601 676 1644 cum
703 1577 772 1642 illio
797 1579 961 1642 Ludovico
988 1577 1192 1644 Germanico.
1225 1643 1229 1651 ,
1269 1613 1280 1626 κ

432 1763 462 1850 l)
489 1765 565 1829 Non
590 1767 706 1829 desunt
731 1763 812 1827 aliae
834 1775 929 1827 notae
954 1759 1121 1840 falsitatis,
1142 1763 1194 1825 sio
1219 1761 1377 1838 chrisma,
1403 1761 1595 1846 subscriptio
1621 1765 1750 1829 cancel·

489 1859 565 1928 larii
592 1877 624 1929 et
648 1863 918 1947 archicapellani,
944 1863 1032 1940 dias,
1067 1863 1189 1928 mensis
1216 1873 1247 1926 et
1271 1883 1376 1927 annus
1402 1881 1475 1926 oum
1509 1862 1689 1928 indictione
1710 1863 1751 1929 ‘et

456 2023 458 2030 ,
488 1963 584 2030 annis
609 1965 704 2054 regni
729 1963 783 2028 vel
806 1963 958 2047 imperii,
982 1963 1073 2028 locus
1095 1963 1192 2028 ctiam
1219 1963 1489 2066 peraotinegotii
1514 1961 1679 2076 deficiunt.

347 2165 349 2172 ’
434 2171 464 2249 e)
482 2137 639 2229 'Testatur
673 2161 803 2248 quitiam
838 2159 1001 2228 nuaotfus
1035 2159 1296 2251 liabapurgious,
1330 2161 1367 2226 in
1391 2158 1564 2244 diplomate
1596 2165 1749 2231 Viennae

370 2263 374 2278 '
493 2275 544 2331 13.
568 2269 651 2352 Aug.
682 2273 768 2333 1118
796 2265 887 2341 dato,
912 2261 1089 2328 sevidisse
1114 2262 1368 2327 instrumentum
1390 2263 1452 2324 sini
1469 2261 1624 2341 oblatum,
1650 2265 1749 2328 inulla

438 2433 442 2446 ⁸
491 2375 581 2445 parte
606 2362 774 2441 vitiatum,
802 2365 888 2447 quod
914 2375 1023 2427 tamen
1049 2351 1388 2452 intelligendum,'in
1414 2381 1450 2425 re
1476 2374 1563 2428 extra
1587 2363 1749 2428 iudicium

370 2465 375 2476 '
407 2451 412 2462 ’
491 2459 561 2554 eive
588 2480 628 2524 ex
653 2462 755 2549 gratia
775 2459 881 2539 iacta,
906 2460 1071 2546 imprimis
1094 2473 1174 2525 tuno
1198 2460 1373 2550 temporis,
1407 2481 1481 2526 cum
1508 2465 1749 2547 conspiceretur

375 2553 391 2572 ”
437 2553 440 2561 ’
491 2561 595 2624 adhuc
621 2571 725 2626 totum
752 2571 784 2626 at
808 2561 974 2652 integrum
999 2559 1157 2651 sigillum.

423 2751 466 2840 ’.1)
492 2737 644 2838 Diploma
672 2773 746 2843 ergo
772 2753 891 2839 absque
917 2753 1014 2817 dubio
1041 2753 1080 2817 acl
1101 2767 1230 2818 'annum
1257 2757 1331 2832 083.
1356 2751 1411 2814 lv.
1438 2749 1512 2816 iius
1534 2749 1627 2818 iunii
1647 2751 1682 2814 id
1698 2761 1747 2817 ast

495 2865 547 2918 to.
572 2853 647 2918 iun.
676 2856 716 2918 ab
742 2857 851 2920 eodem
878 2855 1064 2919 Ottone'il.
1091 2854 1131 2916 ad
1162 2849 1431 2934 supplicationem
1450 2847 1613 2926 ‘liudolfi,
1646 2871 1745 2932 super

407 2956 411 2970 “
492 2953 595 3016 libera
622 2944 781 3018 electione
805 2954 926 3018 abbatis
960 2971 1168 3028 concessum,
1203 2945 1364 3031 pertinet,
1397 2951 1483 3034 quod
1514 2947 1600 3010 iufra
1636 2950 1744 3031 copias

493 3073 534 3116 ex
556 3051 648 3114 libro·
668 3048 783 3134 copiali
808 3053 869 3115 fol.
900 3065 951 3135 tt).
985 3051 1133 3126 dabitur,
1171 3050 1320 3132 qup'dque
1352 3047 1413 3111 heo
1446 3048 1612 3110 occasione
1646 3049 1746 3121 aboli-

388 3149 393 3160 '
492 3163 563 3214 tum
589 3161 656 3227 est,
682 3163 714 3214 et
741 3148 815 3214 licto
840 3151 956 3212 hniooe
981 3151 1219 3224 instrumento,
1245 3148 1372 3212 sacculo
1399 3147 1569 3212 undecimo
1595 3146 1742 3229 finiente,

374 3267 379 3275 ·
492 3244 546 3312 vel
570 3249 759 3313 duodecimo
784 3235 977 3334 incipiente,
1001 3248 1110 3312 locum
1140 3247 1259 3344 tedis..

436 3437 465 3513 a)
492 3429 624 3493 Editusn
650 3428 686 3494 in
712 3431 768 3496 (las
793 3432 882 3498 stadt
906 3433 1066 3518 Kamptsu
1093 3431 1294 3500 Deductioua
1323 3433 1473 3498 <includi
1495 3429 1653 3503 Amfahs-
1671 3435 1740 3498 und

494 3533 648 3618 Rettuug.
683 3549 737 3598 au.
764 3543 857 3600 1111.
893 3532 1035 3626 Baylage
1059 3535 1113 3600 v1.
1141 3556 1172 3617 p.
1199 3541 1319 3601 emax
1344 3535 1433 3616 copia
1453 3533 1610 3598 vidimata
1626 3533 1740 3596 iudicii

494 3629 594 3692 aulici
628 3629 786 3695 Rothneil
818 3652 870 3701 an.
906 3623 1010 3713 mom
1045 3633 1082 3697 in
1117 3635 1171 3700 des
1204 3629 1306 3698 stillis
1340 3635 1500 3716 liempteu
1537 3633 1739 3699 Deductiom

496 3728 637 3794 Griindl.
668 3731 919 3823 widerlsgung,
948 3755 1002 3798 au.
1042 3746 1138 3802 1151.
1198 3731 1339 3820 Beylage
1371 3739 1406 3798 Α.
1433 3755 1467 3816 p.
1495 3745 1523 3799 1.
1550 3755 1598 3818 sq.
1629 3755 1669 3797 ex
1691 3753 1739 3795 oo·

494 3828 548 3909 pia
572 3827 726 3895 vidimata
758 3833 925 3918 Rudolphi
957 3832 1041 3922 regis
1072 3853 1124 3896 au.
1161 3843 1273 3910 12th
1307 3834 1344 3896 iu
1376 3831 1546 3921 Wegelini
1581 3833 1736 3898 Theseus.

493 3939 553 3992 ier.
578 3947 666 3995 auev.
691 3932 748 4002 1v.
775 3943 848 4000 458.
873 3955 922 4018 sq.
947 3953 989 3998 ex
1013 3931 1205 3996 deductione
1227 3931 1317 3998 urbia
1342 3933 1524 4018 liempteu,
1565 3951 1640 3996 cum
1667 3951 1738 3996 ceu·
1820 3988 1822 4002 ,

489 4043 564 4091 sura
589 4029 731 4097 eiusdem
755 4031 964 4097 instrumenti
989 4031 1157 4118 utrobique
1181 4031 1312 4100 insuta
