3870 4718
420 329 483 426 64
595 385 598 392 ι
814 331 1060 450 Diplomata
1087 327 1400 452 Imperatorum

437 655 439 660 Ι
488 579 515 656 e)
543 569 674 636 Editurn
700 569 736 632 in
762 566 856 634 Mon.
882 572 968 636 Boio.
994 573 1050 637 xl.
1079 581 1149 642 185.
1175 595 1217 637 u.·
1237 582 1286 638 53.
1310 570 1397 636 inter
1422 577 1634 636 nucamenta
1660 563 1793 636 Nisum

545 669 740 736 altachensis
767 691 807 734 ex
833 673 908 736 Cod.
935 692 1016 737 auec.
1045 673 1128 737 med.
1154 671 1241 734 Xllli
1358 697 1365 770 Ι·

483 858 519 938 d)
546 855 809 944 Anthographum
838 825 886 924 ex:
903 854 1034 920 archivo
1060 856 1187 922 Passer.
1215 853 1397 917 desumtum
1424 863 1480 918 est.

937 1235 1268 1381 DCXXXII

750 1501 844 1560 Anno
876 1507 969 1566 1218.
1023 1509 1050 1564 t·
1076 1499 1211 1583 August.
1262 1490 1488 1576 Wimpinss.

418 1719 664 1809 Friderious
701 1717 753 1804 Π.
792 1745 870 1804 rex
905 1738 1042 1808 ratam
1078 1717 1208 1805 hahet
1238 1715 1510 1804 donationem
1541 1713 1595 1800 de
1625 1685 1793 1802 abbatia

418 1835 616 1926 Pataviae
658 1835 964 1953 (Nidernburg)
1006 1857 1048 1926 et
1089 1835 1467 1924 commutationem
1504 1831 1557 1918 ab
1577 1829 1791 1919 Heinrioo
1871 1941 1875 1950 ι

419 1957 500 2045 VI
532 1976 652 2072 patre
688 1984 767 2041 suo
801 1955 986 2072 desuper
1026 1954 1233 2062 factem,
1250 1985 1336 2041 non
1376 1980 1580 2068 expresso
1614 1949 1792 2066 praedio

664 2071 959 2191 Mer-dingen
946 2104 990 2160 1n
1019 2075 1321 2162 concambium
1349 2091 1534 2186 recepto
1923 2069 1925 2080 '

416 2303 656 2432 Friderious.
694 2363 889 2434 Secundus.
925 2365 1068 2434 Diuina.
1106 2364 1263 2435 fauente.
1301 2362 1511 2434 Clementia.
1545 2361 1793 2430 Romanorum

418 2481 499 2548 Rex
532 2489 568 2547 et
601 2499 745 2570 semper
769 2485 952 2572 Augustus
986 2472 1022 2551 ist
1047 2482 1127 2551 Rex
1151 2481 1295 2572 Syeilie.
1356 2483 1408 2550 Ea
1434 2499 1526 2572 quae
1552 2469 1793 2566 elargitione

419 2579 498 2660 siue
531 2581 813 2651 commutatione
847 2583 1018 2652 diuorum
1044 2582 1320 2674 progenitorum
1346 2591 1556 2650 nostrorum
1581 2577 1794 2647 Inclitorum

416 2673 665 2750 Romanorum
690 2683 833 2774 Regum
860 2693 896 2753 et
921 2687 1185 2774 Imperatorum
1212 2682 1351 2750 scilicet
1375 2675 1596 2751 serenissimi
1615 2677 1794 2768 genitoris

417 2781 535 2850 nostri
565 2780 797 2854 illustrissimi
803 2782 1058 2882 Imperatoris
1092 2778 1266 2851 Heinrici.
1299 2791 1337 2850 et
1368 2779 1641 2851 confirmatione
1672 2778 1793 2866 patrui
1892 2778 1898 2789 “

415 2882 532 2950 nostri
538 2882 670 2999 ”Regis
701 2857 870 2975 Philippi.
904 2882 950 2951 ad
983 2883 1173 2954 commoda
1207 2883 1442 2953 ecclesiarum
1475 2881 1553 2950 siue
1586 2876 1794 2970 principum

414 2983 464 3049 lm
494 3005 562 3051 eru
589 2981 777 3052 deuenisse
805 2984 1049 3052 dinoscuntur.
1078 2985 1344 3075 subsequenter
1368 2981 1709 3050 debitamanostra
1717 2999 1793 3044 mu·

416 2981 609 3149 niliieriiia.
636 3092 825 3150 merentur
851 3081 1043 3171 percipere
1068 3081 1338 3149 firmitudinem.
1400 3079 1493 3148 Hine
1519 3087 1573 3147 est
1605 3075 1702 3168 quod
1729 3097 1795 3146 nos

418 3180 635 3248 certitudine
671 3179 778 3248 huius
813 3181 940 3270 scripti
972 3179 1018 3247 ad
1050 3179 1216 3249 notitiam
1250 3179 1494 3270 praesentium
1519 3177 1795 3249 armenorium

415 3279 624 3349 futurorum
650 3282 819 3349 uolumus
845 3280 1050 3371 peruenire.
1077 3278 1176 3372 quod
1202 3301 1267 3348 nos
1294 3281 1460 3372 exempla
1486 3279 1686 3368 [exemplo]
1713 3299 1796 3368 pro·

415 3375 622 3471 genitorum
648 3389 857 3450 nostrorum
883 3380 1179 3449 beneuolentiam
1206 3391 1365 3449 nostram
1392 3382 1431 3449 in
1457 3378 1625 3449 eeclesias
1646 3387 1681 3446 et
1696 3377 1795 3468 prin·

416 3477 517 3569 cipes
544 3480 693 3572 Imperii
714 3480 868 3568 largiter
894 3480 1079 3549 effundere
1104 3480 1340 3554 intendentes.
1367 3481 1415 3551 ob
1440 3479 1643 3550 dilectionis
1658 3478 1796 3548 habun-

372 3651 382 3662 ,
419 3580 578 3649 dantium
604 3603 713 3673 ιιιιιιιι
739 3580 899 3670 gerimus
921 3582 1020 3650 circa
1038 3582 1206 3652 dilectam
1221 3577 1795 3652 nchisPatauiensemecclesium
1826 3647 1831 3654 ,

421 3691 458 3748 et
479 3679 692 3748 familiarem
719 3679 924 3772 principem
950 3692 1115 3752 nostrum
1140 3682 1301 3752 eiusdem
1326 3683 1479 3754 ecclesie
1504 3681 1719 3773 episcopum
1745 3679 1795 3747 vl·

418 3779 537 3851 ritum
562 3779 666 3848 nobis
693 3791 730 3848 et
756 3781 913 3872 imperio
939 3779 1154 3874 peremnia
1177 3783 1366 3875 deuotum
1389 3782 1709 3854 commutationem
1746 3789 1795 3848 at-

415 3900 487 3971 que
513 3875 783 3949 donatiouem
772 3904 809 3949 ιιι
835 3884 1089 3954 ltathedralem
1107 3861 1356 3983 Patauienaem
1382 3880 1573 3954 ecelesiam
1601 3889 1638 3952 et
1662 3877 1701 3946 in
1721 3879 1793 3948 sin·

417 3980 523 4068 gulos
549 3979 710 4048 eiusdem
736 3983 1109 4056 ecelesiellatholieos
1136 3988 1338 4103 episcopos.
1365 3984 1409 4054 de
1432 3980 1795 4078 quandoqueltegali
1887 4045 1890 4048 .

417 4077 564 4150 mustis
597 4081 759 4152 ecclesia
782 4082 919 4157 scilieet
951 4087 1111 4180 gloriose
1144 4085 1296 4179 virginis
1321 4085 1379 4156 dei
1405 4081 1591 4178 genitricis
1616 4079 1729 4150 marie
1753 4080 1792 4150 tn

1644 4179 1791 4251 ciuitate
