3746 4720
377 367 465 455 300
769 355 1013 474 Diplomata
1043 349 1352 492 Imperatorum

444 603 477 682 o)
502 593 608 686 sigilli
633 591 727 660 fructi
752 597 884 660 unicum
903 607 1049 679 superest
1063 591 1293 682 fragmentum
1321 591 1496 658 maximam
1511 593 1661 684 imaginis
1676 617 1738 680 per·
1784 627 1788 632 ·

502 710 584 774 tem,
619 716 691 760 cnm
714 691 833 761 ultime
859 692 1234 776 dimidieinscriptione,
1268 693 1445 771 exbibens,
1474 695 1563 778 qnod
1589 699 1739 780 appendet
1862 775 1863 780 ¹

449 757 455 812 i
503 815 544 860 ex
569 807 735 886 segmento
762 796 1012 862 membranaceo.

374 933 380 946 ⁸
446 948 477 1031 b)
502 949 659 1038 indictio,
684 951 766 1019 dicto
792 971 951 1029 escenso,
978 948 1128 1014 convenit
1154 968 1227 1015 cnm
1254 968 1339 1014 nuno
1366 947 1424 1015 eh.
1449 947 1599 1014 indicato.

448 1108 476 1184 c)
502 1103 674 1172 lucillum.

877 1422 1252 1558 ncusxxx.

558 1655 651 1714 Anno
682 1662 777 1718 1247
830 1662 861 1717 2.
887 1653 1016 1718 annsr.
1067 1653 1159 1736 Apud
1183 1651 1375 1746 Nurenberg
1401 1652 1437 1715 in
1463 1651 1581 1718 cestris.

386 1843 611 1932 Heinricus
634 1841 764 1954 VIII,
794 1847 924 1964 vulgo
953 1847 1111 1964 Respo,
1141 1873 1234 1954 rex,
1264 1870 1441 1966 propter
1470 1849 1618 1934 merite
1638 1843 1744 1932 Her·

381 1963 526 2050 manni
557 1963 1110 2080 episcop1Herbipolens1s,
1142 1965 1304 2052 relaxat
1332 1968 1581 2082 pensionem
1605 1962 1746 2078 viginti

384 2082 575 2284 puinque
605 2081 849 2169 modiorum
882 2083 1030 2190 tritici,
1051 2083 1191 2198 'quarn
1223 2081 1458 2170 homines
1447 2115 1490 2169 m
1520 2080 1746 2167 Bernheim
1867 2179 1869 2212 1

1664 849 1865 1066 t

1865 1549 1867 1664 i

416 2229 439 2284 e
468 2198 589 2286 bonis
622 2199 832 2291 ecclesiae
851 2199 1192 2317 Herbipoleusis,
1224 2230 1351 2287 causa
1380 2200 1567 2287 tuitionis
1595 2198 1745 2311 regiae,
1868 2213 1869 2252 ³

384 2315 556 2430 singulis
597 2317 713 2401 annis
754 2317 939 2402 scultetis
979 2319 1105 2432 regiis
1141 2319 1462 2432 persolvebant,
1507 2315 1746 2431 prohibens,

441 2461 496 2518 ne
527 2433 622 2546 quis
652 2433 823 2518 nomine
854 2434 993 2548 regiae
1024 2435 1167 2520 curiae
1195 2435 1441 2542 pensionem
1470 2435 1606 2568 ipsam
1641 2431 1694 2518 ab

560 2548 803 2658 hominibus
834 2549 968 2648 dictae
999 2550 1122 2638 villae
1152 2550 1205 2638 de
1238 2572 1404 2646 caetero
1436 2552 1585 2665 exiget.

340 2705 638 2890 ,HeinrfiousJ
664 2785 723 2858 dei
750 2787 866 2881 gretie
890 2783 1136 2859 Romanorum
1160 2785 1239 2855 Rex
1262 2770 1403 2876 semper
1428 2785 1622 2873 Augustus.
1684 2779 1749 2847 No·
1868 2813 1870 2890 ᾗ

321 2913 327 2936 ¹
384 2895 506 2966 uerint
538 2897 697 2970 uniuersi
730 2903 836 2972 huius
868 2904 999 2993 pegine
1026 2905 1269 2992 inspectores,
1309 2899 1406 2993 qnod
1439 2919 1505 2966 nos
1537 2895 1750 2966 venersbilit
1869 2891 1870 2896 ’

384 2994 555 3088 Episcopi
580 3002 842 3091 herbipolensis
869 3003 990 3071 dilecti
1016 3002 1189 3090 principis
1214 2999 1347 3083 nostri,
1373 2999 1650 3090 obsequiorum,
1684 3015 1750 3084 que

384 3093 480 3162 idern
509 3119 648 3166 summe
674 3121 756 3166 cnm
781 3099 951 3167 fidelitate
977 3100 1082 3168 nobis
1115 3099 1298 3184 exhibuit,
1332 3108 1368 3165 et
1402 3097 1574 3166 exhibere
1609 3094 1750 3184 poterit,

386 3193 525 3264 meritis
552 3206 587 3265 st
611 3198 780 3288 precibus
805 3197 977 3284 inclinati.
1003 3199 1213 3286 pensionem
1232 3196 1359 3287 vigintj
1377 3198 1534 3288 quinque
1552 3195 1751 3263 modiorum

385 3293 519 3380 tritici,
558 3318 664 3387 quern
698 3297 908 3366 homines
897 3319 934 3365 ιιι
961 3297 1154 3365 Bernheim
1185 3297 1378 3366 attinentes
1404 3297 1563 3364 Eccleeie
1591 3294 1752 3382 herbipo·

386 3383 495 3480 lerini,
522 3393 697 3467 debonis
723 3395 849 3466 eorum
875 3398 912 3463 in
938 3397 1228 3512 Bernheimpue
1254 3397 1751 3466 srmrlrtsrettmerenoscun
1869 3415 1870 3420 ¹

259 3503 261 3507 “
387 3503 447 3561 tnr
471 3495 631 3564 Ecclesie
665 3497 930 3588 herbipolensi,
968 3518 1076 3566 censo
1108 3493 1274 3566 tuitionis
1299 3496 1412 3586 Regie
1449 3495 1550 3566 curie
1576 3491 1752 3586 quonism

388 3590 473 3660 dure
499 3596 760 3683 promiserunt,
798 3607 834 3666 et
859 3597 970 3665 Annis
1003 3596 1173 3686 singulis,
1212 3596 1380 3665 Scultetis
1413 3595 1547 3664 nostris
1576 3593 1753 3682 persolue-

387 3691 493 3771 bont,
520 3692 565 3760 de
590 3716 663 3788 quo
689 3692 785 3764 idem
812 3695 980 3786 princeps
1006 3697 1189 3766 esserebet
1216 3716 1254 3766 se
1280 3693 1401 3764 multis
1428 3693 1654 3785 temporibus
1680 3709 1753 3780 per·

386 3792 583 3862 turbatum.
609 3795 653 3864 de
680 3797 874 3866 moieststie
900 3807 1024 3866 nostre
1050 3797 1309 3866 beneuolencis
1334 3796 1558 3879 relsxornns,
1585 3789 1754 3882 presenti·

386 3891 457 3962 bus
482 3891 702 3983 inhibentes,
737 3920 782 3966 ne
816 3895 945 3990 aliquis
971 3895 1085 3987 Regio
1112 3896 1211 3964 curie
1236 3895 1382 3964 nomine
1407 3893 1618 3984 pensionem
1644 3891 1753 3980 ipsein
1869 3935 1870 3948 ι

386 3991 433 4060 ab
458 3993 664 4066 hominibus
692 3993 797 4067 dicte
812 3997 897 4066 ville
924 3995 968 4065 de
994 4007 1115 4101 petere
1142 3995 1283 4085 exiget,
1310 4004 1372 4062 sut
1397 3995 1577 4085 requiret,
1603 3993 1641 4058 ln
1658 3988 1754 4056 eninr

386 4093 623 4164 relcxscionis
650 4107 685 4165 et
710 4093 942 4184 inhibicionis
969 4106 1091 4167 nostre
1109 4093 1356 4184 testimoninm
1372 4103 1577 4185 presentem
1590 4087 1756 4180 peginam
