3864 4728
674 327 684 340 ·
742 292 868 406 episc.
900 289 1041 376 Patsv.
1535 259 1590 384 (tl

211 527 288 594 tato
316 524 493 596 Coicnatts
526 523 569 594 ad
602 533 765 616 tempora
797 523 980 593 dumtaxat
1007 523 1091 592 dicti
1120 521 1263 614 plebani
1286 525 1357 594 sub
1384 525 1589 602 conditioni

208 624 412 692 huiusmodi
440 625 516 692 siue
541 635 644 715 pacto
674 623 771 716 quod
797 625 931 693 dudum
959 624 1074 694 dictus
1087 623 1353 714 Stephanus'in
1380 624 1472 695 sesto
1493 617 1591 702 beati

122 785 125 801 .
165 763 173 794 r
208 723 336 816 Egydij
371 724 620 810 Confessus-is,
658 733 809 813 etpost
844 723 880 792 in
909 724 1001 794 Octo
1024 723 1181 824 diebus,
1220 721 1415 794 seruicium
1443 748 1593 799 consue·

207 835 285 891 tum
318 825 354 890 in
388 824 498 892 sstado
531 836 567 892 et
600 825 804 892 volatilibus
827 824 1125 895 contradictione
1160 825 1258 891 omni
1293 827 1512 916 postposita,
1551 831 1589 898 in

208 923 317 992 Cvria
351 923 464 990 sancti
491 923 620 1014 Egydij
654 924 690 992 in
719 925 888 992 Chremes
916 925 1075 1014 plenarie
1100 923 1315 1015 assignabit,
1352 926 1512 1018 alioquin
1540 930 1586 997 ab

206 1024 396 1112 impetrata
423 1023 540 1113 gratia
567 1045 627 1093 sev
652 1024 731 1090 iure
758 1023 859 1092 cadet
886 1025 1098 1114 peremnia
1123 1025 1203 1114 ipso
1230 1023 1346 1109 tacto,
1373 1027 1449 1116 Ego
1476 1023 1586 1101 etiam

206 1123 372 1210 Rvgerus
404 1124 579 1212 plebanus
614 1133 762 1213 rogatus
796 1145 816 1190 a
852 1121 1012 1213 partibus
1048 1143 1114 1212 pro
1141 1123 1348 1193 testimonio
1376 1135 1411 1194 et
1437 1130 1588 1214 cautela,

206 1231 411 1312 presentem
437 1223 548 1290 scribi
571 1213 643 1290 'ieci
669 1225 826 1291 litteram
854 1223 922 1292 mei
944 1224 1072 1313 sygilli
1090 1223 1285 1292 munimine
1302 1226 1523 1311 roboratam,
1549 1227 1587 1296 in

130 1319 140 1328 ”
208 1341 277 1413 qua
305 1321 424 1388 littera
450 1322 595 1389 nomina
621 1324 762 1423 testium
790 1321 954 1392 adnotari
980 1323 1048 1391 ieci
1073 1344 1183 1413 snper
1204 1325 1382 1411 premisso
1403 1334 1592 1396 contractu

187 1431 245 1488 -et
278 1420 541 1510 compositione
570 1422 666 1490 inter
700 1423 799 1514 ipsos
827 1422 1012 1490 domiuum
1038 1419 1270 1491 Chunradum
1298 1433 1333 1492 et
1359 1423 1592 1516 Stephanum,
1630 1421 1636 1430 '

208 1518 380 1604 diffinito,
415 1523 541 1590 'l'sstes
576 1532 658 1589 sunt
690 1521 752 1610 bij.
818 1522 963 1589 Domini
999 1523 1204 1611 Meingotus
1238 1521 1284 1617 de
1316 1523 1515 1608 Waldeelt,
1555 1535 1593 1594 et

208 1619 416 1708 Hartnn'gus
450 1621 495 1687 de
522 1617 670 1689 Chioevv
703 1621 928 1690 venerabiies
955 1617 1126 1689 Canonici
1161 1622 1386 1712 patavienses
1421 1622 1588 1694 dominus

208 1719 412 1788 waltherus
441 1719 613 1808 plebanus
640 1719 684 1788 de
710 1721 942 1790 Oetzinstori'.
995 1722 1262 1789 cholomannus
1290 1731 1325 1789 et
1350 1725 1491 1812 Reputo
1518 1725 1590 1791 mei

148 1901 150 1906 Ι
209 1817 330 1905 socij‚,
360 1815 525 1887 dominue
552 1821 776 1890 Hermannua
811 1821 913 1887 miles
948 1819 1064 1888 dictua
1092 1819 1356 1892 Poenhalm'et
1382 1823 1507 1912 generi
1533 1823 1591 1912 auj

210 1917 421 1985 Chvnradus
447 1917 648 1988 wintherus
676 1930 709 1990 et
737 1918 952 2014 chunradus
978 1919 1112 1986 vlrioue
1139 1921 1411 2006 Chamerarius,
1451 1921 1593 1989 frideri-

209 2036 273 2085 cus
300 2017 625 2102 Goltendorierius,
651 2007 816 2109 Rvgerus
844 2019 887 2085 dc
913 2019 1108 2102 Goeznicb,
1136 2029 1171 2088 et
1198 2019 1406 2088 Minhardus
1433 2019 1477 2086 dc
1503 2021 1593 2090 voit-

209 2136 347 2204 sprunn
374 2126 409 2183 et
435 2137 541 2206 quam
570 2121 690 2204 plures
716 2120 776 2205 alij
804 2117 986 2206 fidedigni.
1040 2121 1169 2184 Datum
1198 2119 1235 2183 ln
1253 2129 1376 2185 sancto
1395 2117 1592 2208 Stephano.

209 2223 313 2284 Anno
349 2215 483 2285 donnini
508 2214 714 2288 ¹itiiitesimo.
744 2219 857 2286 (100⁶.
885 2217 933 2303 xj.
968 2217 1005 2283 in
1033 2215 1157 2308 vigilia
1184 2217 1344 2286 omniurn
1370 2229 1587 2288 sanctorum.

670 2516 673 2529 ·
748 2451 1020 2558 conv.
1089 2375 1091 2380 ¹

212 2677 410 2766 Clemens
450 2707 556 2792 pepe
587 2677 640 2764 V.
684 2677 883 2790 episcopo
922 2658 1151 2790 pataviensi
1187 2673 1378 2787 indulget
1409 2673 1589 2764 inculte-

210 2817 298 2882 tem
336 2793 605 2910 dispensandi
636 2793 812 2877 clericos
844 2821 964 2894 suos,
1012 2791 1086 2902 qui
1111 2789 1369 2912 'solutionem
1403 2789 1589 2894 deeima-

209 2942 326 3000 rumx
343 2909 661 3014 enuedditibus
692 2908 983 2996 ecclesiasticis
1013 2905 1068 2992 ad
1094 2907 1256 2992 curiam
1275 2933 1496 2994 romanam
1516 2936 1594 2996 ne-

217 3107 232 3118 ..
275 3073 278 3086 ·
316 3074 319 3082 ·
356 3031 578 3145 giigcntes,
609 3025 1144 3114 censuraa··cocleaiasticas
1172 3026 1451 3115 incurrerant.

480 3211 685 3326 Inpriorem
712 3211 956 3336 l⁶.G?⁸l⁸⁶ll⁰‘
986 3240 1082 3296 κη’
1144 3238 1196 3304 2¹⁸
1222 3192 1377 3330 Juniisnl

218 3353 420 3484 Clemens
453 3365 644 3503 episcopus
675 3429 806 3492 seruus
839 3398 1027 3494 percorum
1045 3407 1130 3486 ,dei
1182 3398 1390 3474 Venerabili
1417 3403 1520 3474 tratri
1547 3453 1555 3472 .
1583 3431 1602 3473 .’

79 3569 88 3574 -
210 3529 393 3628 Episcopo
419 3515 620 3616 Patauiensi
648 3523 806 3594 Salutem
846 3533 880 3590 ct
914 3521 1147 3612 apostolicam
1181 3519 1483 3588 benedictionem.
1536 3519 1590 3585 Si·

211 3621 533 3718 gnificasti'nobis‚
560 3624 658 3716 quod
685 3635 723 3690 tu
751 3619 884 3689 dudum
912 3640 1020 3711 super
1040 3617 1200 3714 subsidio
1220 3619 1592 3710 pecuniarioCamere

212 3725 335 3798 nostre
367 3713 434 3818 pei·
465 3727 616 3796 clericos
643 3721 811 3789 Subditos
836 3729 918 3788 tuos
944 3718 988 3787 de
1013 3719 1175 3808 ipsorum
1202 3718 1402 3788 redditibus
1428 3715 1594 3784 ecclesia·

214 3825 312 3896 stiria
345 3824 567 3917 exhibendo,
605 3843 672 3913 per
706 3830 847 3893 nostras
873 3820 1011 3888 litterae
1036 3817 1252 3912 requisitus,
1276 3814 1464 3886 'uniuersis
1491 3813 1600 3884 cleri·v

214 3926 266 3993 cis
299 3935 443 3993 tuarum
470 3923 633 3992 OEnitatis
669 3931 707 3987 et
738 3919 890 3988 diocesis
925 3918 1140 3986 mandanisti
1175 3927 1215 3985 ut
1241 3916 1415 3984 decimam
1441 3935 1592 3983 morum

214 4015 537 4096 ecclesiasticorum
580 4021 785 4096 reddituum
826 4013 930 4092 bobis
972 4037 1039 4112 per
1070 4015 1260 4088 biennium
1298 4022 1399 4084 certo
1433 4013 1615 4092 termino,
