3804 4718
693 277 973 368 Auuenncc

667 599 966 709 DCLXIX.

427 833 522 896 Anno
553 843 646 900 1224.
699 843 750 898 50.
776 831 950 900 Novembr.
1000 833 1215 899 Nerinberch.

126 1021 358 1112 Heinricus
388 1025 483 1114 VH.
510 1045 589 1111 rex
618 1027 662 1112 in
690 1027 808 1115 curia
837 1026 1037 1135 solemni,
1081 1027 1352 1116 erinheroh
1392 1035 1506 1120 cele-

82 1213 86 1220 .
124 1141 273 1248 brata,
301 1143 483 1232 modum
513 1145 829 1260 compositionis
861 1143 1106 1252 confirmat,
1150 1175 1261 1260 quae
1292 1177 1337 1232 se
1367 1151 1506 1238 medi·
1549 1219 1554 1226 .

125 1277 351 1357 automno
381 1256 495 1359 facts
525 1280 589 1348 est
617 1261 728 1348 inter
750 1255 1058 1365 Gehehardunn
1078 1263 1372 1353 Pataviensem
1394 1268 1507 1382 epis-

127 1405 301 1492 copum.
322 1397 365 1464 et
379 1378 675 1479 Hermannum
702 1377 999 1485 meroinonem
1027 1377 1081 1468 de
1097 1380 1242 1470 Baden
1273 1379 1327 1471 de
1347 1413 1505 1496 perso-

125 1493 295 1582 lutione
334 1494 577 1582 debitorum
622 1523 672 1584 ac
705 1497 948 1611 promissis,
999 1497 1156 1610 q'uibus
1200 1499 1506 1613 praedecessor

128 1611 406 1722 Gebehsrdi,
436 1614 716 1720 Wdalricus,
748 1616 973 1732 episcopus
1004 1615 1260 1701 Pataviensis
1290 1617 1335 1700 in
1367 1636 1504 1704 trans-

225 1731 399 1818 marinis
429 1731 621 1848 partibus
651 1731 888 1819 marchioni
916 1731 1135 1849 praedicto
1166 1763 1212 1819 se
1243 1732 1408 1850 ohliga-
1577 1737 1578 1742 ‘

751 1868 883 1937 verat
1003 1857 1009 1868 ”
1106 1863 1110 1870 ’
1176 1861 1196 1869 ”
1247 1855 1282 1870 “’

4 2105 5 2114 ¹
124 2013 201 2144 Η.
229 2074 296 2165 dei
313 2071 430 2166 grstia
456 2079 701 2148 Romanorum
728 2080 807 2148 Rex
832 2089 875 2174 ct,
895 2063 1233 2176 semper-Augustus
1260 2079 1425 2149 omnibus
1441 2080 1505 2150 Irn-

123 2191 223 2280 perii
249 2191 415 2262 fidelibus
442 2195 592 2284 gretiam
620 2217 720 2262 susm
746 2185 784 2263 'ct
810 2217 915 2264 omne
941 2195 1090 2264 honum.
1144 2195 1366 2264 Constitutus
1382 2195 1421 2262 in
1441 2218 1503 2264 no·
1579 2191 1581 2198 ‘

124 2301 206 2366 stru
239 2301 275 2360 et
311 2292 432 2372 dilecti
469 2294 644 2384 principis
678 2295 792 2362 nostri
821 2291 1092 2385 Archiepiscopi
1118 2294 1394 2385 salzburgensis
1421 2319 1501 2386 prc-
1561 2353 1567 2358 .

123 2391 244 2460 sentis
269 2392 385 2462 fidelis
410 2403 544 2462 noster.
595 2397 639 2462 H.
664 2397 829 2462 Menenio
857 2396 901 2462 de
928 2395 1063 2462 Beden.
1090 2406 1219 2472 emtis
1245 2394 1414 2463 dilectum
1438 2416 1501 2463 no·

124 2487 183 2558 bis
200 2493 454 2566 -Pctntiessern
472 2495 691 2583 Episcopum
721 2497 909 2584 proposuit
933 2495 971 2560 in
1000 2498 1093 2562 hunc
1119 2493 1276 2564 modum.
1304 2493 1400 2584 quod
1419 2515 1500 2564 eum
1633 2487 1641 2508 '

125 2587 163 2658 in
194 2591 446 2668 transmarinis
472 2591 637 2681 pertibus
663 2605 757 2664 esset
784 2596 1017 2683 predecessor
1044 2593 1157 2684 ipsius
1189 2593 1249 2684 pie
1282 2592 1502 2662 recordatio·

126 2691 192 2758 nis.
221 2691 372 2760 wiricus
401 2695 591 2781 episcopus
620 2703 656 2760 et
684 2693 846 2762 Merchio
872 2694 967 2762 idem
994 2694 1090 2759 inter
1107 2714 1154 2782 ⁸se
1171 2691 1417 2782 'conuerterint
1436 2689 1501 2762 ibi·

127 2790 210 2858 dem
237 2791 334 2881 quod
364 2793 487 2859 CCCC.
539 2793 681 2860 Merces
699 2791 898 2880 Episcopus
924 2801 1142 2860 memoratus
1168 2790 1501 2881 persolueretMsr·

127 2889 260 2960 chioni.
286 2886 353 2958 sub
377 2889 423 2975 ⁴eo
450 2891 618 2960 uidelicet
645 2899 822 2981 pretextu.
860 2891 957 2981 quod
984 2887 1204 2959 Petsuiensis
1229 2887 1389 2956 Ecclesie
1425 2909 1501 2958 uss·

126 2991 236 3058 sellus
263 2989 357 3059 idem
385 2993 547 3060 Merchio
574 3002 667 3060 esset
693 3001 728 3058 et
754 2989 850 3082 quod
877 2990 1030 3080 jnsuper
1055 2990 1130 3056 XL.
1183 2989 1387 3056 Muccurum
1419 2988 1500 3057 red·

127 3089 225 3158 ditus
260 3087 305 3158 de
337 3091 620 3182 proprietetib'us
654 3089 728 3160 suis
759 3091 797 3158 in
831 3113 957 3158 monus
990 3087 1192 3177 resignaret
1216 3087 1388 3180 Episcopi
1420 3085 1500 3178 ipe'e

125 3189 288 3258 Merchio
314 3213 401 3282 quus
429 3191 574 3258 nomine
601 3190 697 3258 feodi
725 3191 770 3258 ob
796 3185 875 3280 ipso
901 3190 1053 3257 deberet
1078 3187 1238 3278 recipere
1264 3189 1404 3256 iterato.
1445 3190 1499 3257 In·

126 3305 238 3377 super
264 3289 302 3356 C.
328 3293 368 3358 [c
394 3293 532 3362 Merces
558 3311 647 3379 quus
674 3286 923 3379 predecessori
957 3309 1023 3356 suo
1048 3289 1209 3357 Merchio
1246 3309 1285 3358 se
1317 3298 1498 3382 mutuasse

126 3389 283 3457 sesessit
310 3390 505 3480 repetebst.
557 3391 646 3458 Cum
675 3400 794 3456 nutem
820 3391 885 3455 hec
911 3387 1122 3456 diffiteretur
1135 3379 1339 3478 Episcopus
1355 3374 1499 3458 'succes-

126 3507 189 3556 sor
215 3487 376 3556 eiusdem
403 3490 499 3556 inter
523 3488 621 3577 ipsos
647 3488 789 3555 tandem
818 3507 938 3556 corsrn
965 3488 1069 3557 nobis
1094 3486 1275 3559 medinnte
1311 3486 1407 3555 dicto
1432 3481 1500 3554 Ar·

126 3584 361 3681 ehiepiscopo
387 3585 469 3656 tulis
494 3588 703 3676 conpoeicio
729 3585 935 3654 interuenit.
963 3597 1003 3654 ut
1029 3596 1106 3655 turn
1125 3607 1192 3676 pro
1212 3586 1338 3654 CCCC.
1364 3585 1498 3652 Marcis

124 3687 193 3778 ipsi
221 3687 423 3756 Meschioni
457 3688 598 3756 vasseni
634 3687 778 3754 nomine
805 3685 1045 3775 porrigendis.
1070 3696 1148 3754 turn
1174 3681 1282 3754 etiem
1308 3705 1377 3775 pro
1412 3683 1497 3753 reli·

126 3809 198 3880 qus
224 3808 364 3855 summu
388 3787 540 3878 pecunie
561 3807 668 3877 quom
692 3795 730 3852 ut
746 3785 899 3852 asseruit
914 3806 979 3853 suo
995 3793 1221 3854 mutuaverat
1238 3778 1498 3874 predecessori.

125 3886 165 3956 ln
191 3883 362 3978 proximo
395 3883 487 3954 sesto
523 3885 775 3974 assumptionis
802 3885 907 3953 beate
933 3885 1083 3974 virginis
1110 3885 1148 3952 0.
1173 3885 1217 3952 L.
1241 3885 1383 3951 Merces
1415 3882 1498 3950 toti·

129 3988 207 4056 dem
236 3988 370 4083 quein
397 3987 521 4056 futuro
548 3985 640 4054 festo
665 3993 902 4076 pentecostes.
938 3983 1155 4076 petsuiecsis
1178 3981 1379 4090 Episcopus
1404 3983 1497 4050 Mer·
1596 4032 1598 4037 ,
