3804 4718
521 384 530 410 ..
586 376 590 403 2
639 317 940 410 »summurn
979 322 1099 398 ⁵23
1408 333 1492 422 185

112 559 260 631 minatis
278 555 467 644 Hereticis,
496 555 632 650 absque
659 558 730 628 ulla
756 554 1041 630 contradictione
1066 551 1283 650 possideant.
1302 567 1338 628 et
1353 559 1391 628 in
1407 559 1491 652 fidej

112 659 278 754 puritate
305 669 532 728 conseruent.
585 659 694 728 Saluo
722 661 799 728 iure
820 661 957 728 domini
977 661 1187 752 principalis
1204 663 1289 730 dum
1308 661 1417 730 modo
1434 684 1493 732 su·

112 786 183 855 per
218 765 289 829 hoc
322 762 461 828 nullum
496 769 634 848 prestet
667 760 902 828 obstaculum.
931 784 997 829 nec
1023 761 1171 852 aliquod
1196 761 1494 852 impedimentum

111 871 290 954 opponat.
320 860 446 928 eadem
472 859 726 928 nichilominus
751 863 1000 950 tegmen-uara
1026 873 1155 929 contra
1177 883 1240 929 sos
1259 861 1410 952 quinon
1430 866 1491 933 ha·

112 965 207 1032 bent
232 961 399 1028 dominos
424 956 653 1049 principales.
705 961 901 1030 Credentes
928 973 1095 1051 preterea
1111 964 1380 1052 Receptatores.
1422 966 1491 1033 De·

110 1065 299 1133 seusores.'
322 1071 358 1128 cl
381 1059 543 1137 fautores
565 1062 818 1132 llereticorum
841 1060 1223 1134 bannimus.·lirmiter
1239 1071 1436 1131 statuentes
1452 1073 1523 1132 ut'·
1573 1147 1578 1154 ι

110 1165 139 1232 si
166 1172 363 1256 postquam
390 1158 541 1254 quilibet
567 1159 691 1228 talium
719 1161 829 1244 luerit
855 1163 1228 1250 excommunicatione
1258 1171 1401 1230 notatus
1429 1163 1489 1231 Sa·

108 1264 282 1332 tissacere
310 1259 568 1350 contempserit
594 1261 689 1329 infra
715 1284 848 1330 annum
875 1273 1006 1347 eptunc
1032 1261 1111 1353 ipso
1138 1264 1216 1331 iure
1244 1261 1289 1330 sit
1306 1261 1487 1330 factusiu·

6 1423 7 1432 ,
109 1363 221 1431 famis
248 1383 314 1428 nec
342 1361 385 1428 ad
412 1361 555 1452 publica
581 1361 695 1427 officis
722 1383 785 1428 seu
812 1359 960 1429 consilia
987 1363 1046 1432 uel
1072 1363 1116 1429 ad
1143 1362 1327 1454 eligendos
1346 1356 1508 1453 aliquos'

57 1540 63 1548 ‚
107 1465 152 1532 ad
180 1459 392 1530 huiusmodi
417 1479 483 1528 nec
511 1459 555 1527 ad
583 1462 827 1531 testimonium
855 1461 1075 1530 admittatur.
1104 1461 1149 1530 sit
1176 1462 1281 1531 etiam
1307 1461 1489 1528 intestabi-

105 1565 148 1632 lis
179 1584 250 1632 uec
275 1561 478 1629 testamenti
505 1561 654 1628 liberam
689 1560 818 1630 habeat
854 1557 1058 1631 factionem.
1093 1583 1159 1630 nec
1194 1561 1238 1628 ad
1267 1561 1487 1632 Hereditatis
1608 1653 1610 1658 Α

105 1663 379 1733 successionem
405 1661 560 1728 accedat.
587 1662 706 1729 nullus
733 1661 764 1730 ei
791 1673 957 1751 preterea
982 1683 1092 1750 super
1116 1683 1346 1755 quocumque
1374 1683 1487 1752 nego·

104 1765 167 1832 tio.
226 1765 287 1832 Set
313 1761 389 1852 ipse
416 1761 496 1828 eliis
522 1761 742 1850 respondere
770 1772 932 1851 cogatur.
986 1762 1056 1859 Qui
1091 1763 1120 1830 si
1158 1762 1251 1830 sorte
1277 1757 1395 1828 ludex
1429 1783 1491 1828 exe

5 1881 8 1888 ·
105 1863 237 1948 literit,
265 1863 342 1930 eius
369 1861 548 1931 sententia
574 1863 708 1930 nullam
736 1864 896 1953 optineat
918 1861 1134 1932 firmitatem.
1154 1885 1220 1931 nec
1240 1881 1345 1933 cause
1365 1857 1486 1952 aliqua

105 1966 147 2033 ad
176 1961 258 2052 ejus
284 1963 505 2032 audientiam
532 1961 763 2051 perferantur
828 1963 863 2032 Si
891 1963 1000 2031 fucrit
1027 1962 1222 2031 aduocatos
1255 1961 1333 2030 eius
1367 1973 1487 2050 patro·

104 2065 244 2134 ciuium
270 2067 472 2130 nullatcnus
494 2061 711 2130 admittatur.
754 2063 790 2132 Si
816 2063 962 2131 tabellio
981 2063 1219 2131 instrumenta
1237 2061 1403 2130 confecta
1417 2083 1486 2151 per

97 2155 231 2248 illum,
258 2165 391 2231 nullius
419 2162 562 2252 penitus
590 2163 661 2230 sint
687 2163 868 2233 momenti.
919 2162 1101 2232 Adicimus
1128 2165 1277 2254 insuper
1301 2152 1406 2252 quod
1425 2164 1486 2229 be·

105 2265 244 2335 relicus
270 2265 437 2332 conuinci
464 2285 531 2351 per
559 2263 765 2332 Hereticum
791 2261 914 2353 possit.
942 2273 979 2330 et
1006 2263 1104 2355 quod
1138 2262 1265 2332 domus
1299 2270 1487 2351 patareno-

105 2388 188 2434 rum
227 2375 505 2454 rcccptatorum.
540 2361 772 2432 defensorum
806 2375 843 2432 et
875 2361 1057 2432 fautorum
1085 2385 1210 2434 eorum
1236 2367 1315 2434 siue
1341 2362 1403 2431 ubi
1427 2361 1488 2432 do·

107 2460 252 2536 suerint
287 2475 347 2532 aut
382 2483 507 2531 manus
542 2463 620 2532 aliis
654 2463 892 2555 imposuerint
926 2464 1166 2534 destruantur.
1194 2467 1294 2532 nullo
1322 2473 1487 2553 tempore

108 2566 335 2636 restricture.
386 2568 515 2632 Datum
540 2563 700 2632 Raucae.
748 2565 836 2655 xxij.
864 2563 1067 2653 Februarii.
1118 2588 1151 2635 v.
1178 2563 1406 2636 indiccionisr

172 2775 207 2849 a)
236 2764 387 2853 Sigillum
414 2764 565 2830 illaesum
592 2764 752 2846 appendet
777 2783 818 2826 ex
843 2760 907 2830 iilis
933 2763 1043 2828 sericis
1070 2763 1144 2826 llari
1171 2776 1202 2827 st
1234 2763 1326 2829 rubri
1359 2762 1485 2854 coloris.
1577 2767 1590 2776 '

174 2923 210 3004 b)
238 2929 351 2985 Annus
378 2919 452 2983 Chr.
480 2943 547 2984 non
575 2932 622 2983 est
650 2941 837 3002 expressus,
871 2920 1050 2984 indictione
1076 2931 1184 2981 tamen
1207 2919 1282 2982 sutis
1309 2919 1486 3012 denotatus.

179 3085 206 3159 c)
237 3079 341 3142 Huius
369 3077 608 3140 constitu-tinnis
634 3076 787 3139 Friderici
812 3077 854 3142 11.
882 3074 974 3158 plura
1001 3087 1109 3138 extant
1135 3071 1346 3156 exemplariat
1372 3081 1499 3152 parum*

235 3177 320 3242 inter
346 3197 379 3244 se
406 3178 637 3258 discrepantia,
663 3177 739 3240 licet
766 3179 890 3240 diverso
916 3177 985 3240 loco
1013 3187 1044 3237 at
1070 3189 1215 3256 tempore
1242 3173 1337 3236 edite.
1380 3173 1488 3234 Hoccs

239 3279 418 3358 exemplar,
445 3279 592 3359 episcopo
617 3277 888 3363 wirzeburgensi
914 3289 961 3339 ast
987 3275 1117 3350 datum,
1144 3285 1240 3356 prout
1264 3283 1351 3353 patet
1374 3285 1413 3332 ex
1438 3270 1488 3333 in·

238 3377 410 3459 scriptione
437 3378 585 3441 exteriori
612 3398 726 3441 cooeva
752 3391 845 3459 atque
872 3397 912 3438 sx
935 3375 1065 3436 archivo
1081 3370 1345 3458 Wirceburgcnsi
1362 3371 1487 3433 desum·-

240 3490 315 3542 tuns
338 3477 504 3560 hucusque
530 3477 701 3540 ineditum.
753 3480 824 3560 Ipsa
850 3497 925 3541 vero
953 3473 1136 3538 constitutio
1162 3473 1318 3554 impressa
1353 3469 1499 3533 habetur.

241 3577 278 3640 in
313 3578 455 3640 Goldasti
489 3578 649 3642 constitut.
677 3579 791 3660 imper.
817 3576 843 3638 I.
870 3588 945 3658 295.
970 3571 1006 3636 in
1021 3571 1489 3655 RaynaldccntinuutBarcnss

237 3679 277 3742 sd
301 3698 353 3742 an.
387 3690 485 3746 1251.
512 3681 609 3758 §ld
638 3689 766 3758 etto„
792 3675 913 3738 inserta
939 3675 1077 3757 denique
1102 3673 1137 3736 in
1165 3695 1295 3756 corpore
1315 3671 1393 3734 ieris
1410 3671 1487 3732 civi·

236 3779 277 3842 lis
304 3779 343 3840 ed
369 3779 584 3846 culcemmcd.
611 3778 775 3843 constitut.
802 3775 1031 3844 liridericiill.¹
1052 3795 1132 3856 quae
1157 3773 1289 3860 incipit:
1325 3771 1372 3834 Ad
1391 3770 1485 3832 dacus

237 3882 268 3963 §0
285 3889 361 3944 5-
373 3889 400 3944 8-
427 3877 543 3946 iactus.
572 3875 763 3944 conferatur
788 3879 885 3952 etiem
907 3874 1039 3958 diplo'ui.
1060 3875 1215 3941 Fridsrim'
1227 3876 1270 3936 11.
1293 3871 1377 3938 euni
1394 3881 1502 3933 1220.¹

238 3977 342 4060 potius
369 3998 468 4060 quatu
496 3987 585 4044 ltel-
613 3977 1018 4058 monssDecembiapud
1042 3974 1124 4038 Ried
1149 3975 1223 4036 Codt
1239 4023 1242 4032 .
1261 3966 1490 4054 diplss..Ratiab.¹

207 4079 698 4160 '1.sso.seq..num.‚sst..
768 4083 809 4140 .'
1030 4108 1034 4117 ·
1258 4099 1265 4108 ·
1500 4104 1505 4117 ·

165 4198 232 4248 lca.
246 4196 313 4244 Bois.
327 4197 383 4245 Vol.
397 4199 462 4242 m.
479 4211 520 4241 m
535 4197 682 4244 collectionis
701 4209 775 4243 acras
792 4197 837 4242 ut.
1059 4183 1065 4193 ¹
1124 4245 1133 4250 ,
1232 4171 1281 4242 214
