3804 4718
394 243 478 397 ilO
780 305 1025 423 Diplomata
1052 247 1365 422 Imperatorum]

391 543 512 636 cipum
538 550 575 612 et
599 542 728 634 populi
754 537 947 613 Christiani
972 543 1086 612 salute
1112 551 1148 611 ιι
1172 541 1325 612 uictoria
1350 537 1576 633 frequentius
1599 561 1759 612 exoran-

383 653 457 714 tes.
484 649 650 711 tenemur
676 643 945 712 consonemus
969 640 1259 731 ipris²iurasue
1293 661 1519 710 conseruare.
1551 650 1588 710 et
1621 653 1760 732 protec-

390 743 502 813 tionis
530 753 564 810 et
590 740 872 826 confirmationis
897 743 1176 812 oostretvirtutc
1202 739 1408 812 defendere.
1460 741 1543 836 Quo
1566 740 1664 810 cisoa
1696 765 1762 813 no·

390 851 469 911 tum
492 840 571 909 fieri
598 842 763 913 uolumus
790 841 1057 919 omnibustam
1075 837 1496 922 nostrissuceessoribus
1511 859 1620 932 quam
1633 853 1761 911 nostre

295 1015 296 1020 ,
393 941 604 1010 excellentie
625 940 806 1013 iudicibus
828 942 1021 1012 ιιιιιιιιιι.
1046 949 1089 1010 ct.
1108 941 1279 1009 omnibus
1299 949 1504 1031 presentem
1522 939 1692 1031 peginam
1708 939 1761 1010 in·

390 1042 579 1156 aperturis.
606 1041 703 1157 quod
728 1063 794 1112 nos
820 1041 1091 1111 monasterium
1100 1041 1139 1108 in
1154 1042 1311 1131 Vrsperc
1336 1037 1439 1110 cuiue
1464 1039 1689 1136 aduocatiam
1706 1063 1760 1111 se·

388 1140 599 1211 senissimus
624 1142 794 1232 princepe
818 1151 924 1231 puter
948 1149 1072 1210 noster
1085 1139 1289 1210 Frrderrcus
1315 1138 1372 1207 dei
1389 1139 1507 1254 gratia
1524 1128 1760 1210 romanorum

388 1238 590 1332 imperator
614 1247 660 1308 ιι
676 1261 819 1336 semper
843 1250 1015 1354 augustus
1042 1260 1109 1342 pro
1134 1234 1442 1310 necessitatibus
1431 1235 1576 1328 imperii
1600 1240 1689 1309 olim
1721 1237 1761 1308 ti·

389 1338 468 1408 tulo
492 1335 659 1436 pignoris
685 1339 918 1456 obligurierat.
944 1325 1160 1412 redemimus
1176 1339 1219 1407 ιιι
1240 1346 1417 1430 ιιοιιιιιιι
1433 1336 1614 1408 nobilis
1579 1341 1661 1408 vrri.
1703 1341 1761 1407 Al·

262 1484 264 1492 ι
387 1437 487 1511 ιιιιιί
513 1438 557 1508 ds
582 1439 820 1510 Nivvenburc.
840 1424 1027 1509 Ριιιιιιιίι
1018 1445 1193 1536 quoque
1220 1459 1290 1540 que
1315 1437 1435 1506 soluta
1468 1434 1593 1505 suerat.
1628 1458 1760 1531 prepo-

389 1533 479 1608 situs
507 1547 542 1607 et
568 1538 697 1609 fratres
720 1533 872 1608 οιιιιιιιί
891 1523 1068 1608 'ducentas
1094 1557 1233 1608 marcas
1250 1529 1527 1627 persoluerunt.
1554 1547 1594 1605 ut
1607 1539 1761 1608 ulterius

387 1638 489 1706 nulla
511 1637 574 1706 tali
600 1640 836 1754 oppressione
859 1649 1049 1708 uexentur.
1076 1647 1138 1706 aut
1164 1635 1329 1730 quolibet
1354 1635 1463 1706 modo
1485 1644 1584 1706 extra
1603 1647 1763 1728 potesta

389 1747 465 1805 tem
498 1737 643 1830 imperii
677 1739 890 1816 alienentur.
926 1734 1004 1806 siue
1029 1737 1101 1827 ipsi
1127 1736 1205 1806 siue
1231 1755 1457 1806 successores
1483 1758 1620 1807 eorum.
1683 1739 1764 1833 Qua

389 1846 543 1928 propter
567 1857 632 1906 nos
656 1841 855 1909 clementer
879 1837 1042 1931 ipsorum
1067 1835 1236 1929 precibus
1261 1843 1468 1904 annuentes.
1497 1836 1617 1928 ipsum
1640 1833 1762 1906 locum

391 1955 474 2005 cum
500 1939 666 2027 personis
692 1949 728 2008 et
754 1938 863 2007 rebus
889 1932 934 2020 dd
959 1935 1113 2033 cundem
1136 1934 1400 2028 pertinentibus
1427 1935 1495 2004 sub
1520 1943 1644 2005 nostra
1680 1957 1762 2028 pro·

325 2091 331 2095 .
391 2037 549 2105 tectione
574 2039 798 2132 suscipimur.
826 2045 864 2106 et
886 2047 925 2106 ut
950 2036 988 2104 in
1020 2046 1238 2129 perpetuum
1273 2034 1342 2105 sub
1374 2035 1530 2103 culmine
1564 2037 1761 2107 maiestatis

341 2216 343 2228 Ι
391 2135 598 2226 imperialis
614 2139 787 2210 consistat
813 2138 1010 2214 statuimus
1035 2158 1102 2206 nec
1127 2135 1167 2203 in
1191 2155 1408 2228 quemquam
1424 2133 1663 2203 transferatur
1681 2157 1762 2204 con·

390 2245 447 2304 ιιι
472 2238 694 2306 uoluntatem
720 2238 788 2306 deo
815 2238 947 2304 ibidem
966 2235 1211 2306 seruientium.
1262 2235 1361 2302 Bona
1382 2255 1525 2325 quoque
1544 2255 1613 2325 que
1630 2234 1666 2302 in
1684 2257 1764 2326 pre·

390 2338 484 2404 senti
511 2335 706 2426 possident.
734 2347 796 2406 aut
813 2337 857 2405 :in
874 2336 1045 2404 futurum
1071 2336 1139 2406 sub
1165 2343 1287 2403 nostra
1311 2334 1560 2404 iurisdictione
1592 2344 1765 2424 poterunt

391 2435 544 2525 adipisci
554 2437 739 2550 legitime.
765 2459 849 2506 cum
874 2433 1041 2522 omnibus
1068 2433 1301 2550 pertinenciis
1326 2442 1363 2502 ιι
1385 2433 1567 2526 legitimis
1595 2431 1765 2504 videlicet

324 2579 327 2582 -
391 2534 592 2630 mancipiis.
621 2537 728 2625 egris.
757 2533 860 2607 cultis
888 2547 924 2603 et
951 2512 1102 2603 incultis.
1132 2527 1198 2604 viis
1223 2542 1258 2602 et
1284 2533 1398 2602 inviis.
1427 2531 1580 2624 pascuis.
1607 2536 1764 2604 nemori·

295 2623 302 2632 ⁸
390 2633 471 2703 bus.
506 2635 618 2751 ιιιιιίι.
655 2645 689 2702 ιι
722 2656 896 2754 aquarum
929 2631 1150 2704 decursibus.
1179 2631 1403 2700 molendinis.
1430 2642 1465 2700 ιι
1491 2631 1763 2749 piscationibus.

210 2735 215 2744 '
301 2731 314 2740 ”
393 2745 431 2802 ct
456 2734 585 2804 ceteris
610 2733 812 2805 attinenciis
839 2730 1091 2802 confirmamus
1118 2731 1285 2801 eisdem
1316 2729 1485 2802 Preterea
1513 2734 1763 2846 queinpriui-

388 2833 494 2924 legiis
519 2841 787 2904 antecessorum
816 2843 1021 2908 nostrorum
1048 2834 1125 2902 siue
1150 2830 1440 2899 annotationibus
1467 2841 1537 2898 ant
1555 2833 1763 2950 aliisscrip·

389 2933 437 3003 tis
463 2933 545 3002 diue
571 2935 832 3004 recordationis
859 2935 986 3023 proaui
1012 2933 1128 3002 nostri
1152 2931 1379 3021 imperatorie
1407 2927 1581 3000 Friderici
1610 2935 1794 3021 stragis-

394 3033 574 3102 Cvonradi
606 3034 645 3101 in
678 3035 802 3105 endem
836 3032 989 3101 eeclesia
1022 3041 1106 3100 sunt
1139 3037 1271 3096 statuta
1303 3037 1340 3096 et
1366 3031 1537 3098 hactenus
1561 3029 1764 3102 obseruata.

392 3131 614 3201 mandamus
642 3142 680 3200 et
704 3129 925 3221 precipimus
951 3127 1122 3198 inviolata
1146 3125 1353 3196 consistere
1378 3135 1418 3198 ιιι
1441 3128 1608 3201 videlicet
1643 3134 1766 3202 nullus

391 3229 501 3298 iudex
526 3251 589 3300 sev
614 3225 808 3300 cuiuslibet
833 3225 1020 3320 potestatis
1046 3227 1155 3295 bomo
1180 3234 1365 3317 presumat
1399 3227 1608 3298 homines
1596 3252 1762 3322 ipsorum

390 3339 527 3396 temere
554 3326 782 3418 distringere.
807 3338 868 3400 ιιιι
896 3336 1021 3396 contra
1046 3325 1144 3417 ipsos
1170 3321 1215 3394 de
1241 3323 1377 3414 prediis
1403 3329 1553 3396 ecclesie
1577 3328 1762 3418 placitare.

390 3429 461 3496 nisi
487 3449 610 3498 coram
635 3427 740 3498 nobis
766 3438 827 3496 aut
852 3429 978 3496 nuntio
1004 3435 1131 3497 nostro
1157 3424 1361 3542 specialiter
1394 3426 1438 3496 ad
1471 3430 1540 3496 boc
1573 3426 1764 3499 destinato.

392 3525 516 3614 Liceat
547 3549 693 3644 quoque
725 3527 1063 3597 ministerialibus
1052 3525 1208 3617 imperii.
1233 3523 1311 3595 siue
1336 3525 1383 3594 ad
1406 3547 1472 3596 noe
1497 3527 1765 3616 pertinentibus

315 3660 320 3668 ·
385 3626 439 3695 de
472 3621 607 3744 prediis
640 3627 721 3698 ouis
748 3628 825 3697 siue
852 3623 930 3696 aliie
965 3627 1075 3697 rebus
1101 3619 1269 3695 conterre
1294 3625 1436 3716 pretato
1461 3630 1693 3710 monasterio
1728 3639 1765 3698 at

387 3727 496 3798 ¹lrec
485 3727 574 3817 ιιιιιι
600 3725 773 3797 fratribus
797 3735 921 3796 nostra
953 3725 1202 3818 permissione.
1236 3724 1341 3796 firma
1375 3725 1622 3796 consistant
1642 3727 1765 3797 Adici·

350 3887 355 3904 ,
395 3846 475 3896 mue
501 3827 609 3896 etiam
634 3837 675 3895 ut
700 3827 851 3918 quilibet
876 3826 934 3897 cni
959 3826 1004 3896 ad
1029 3825 1245 3902 electionem
1269 3823 1423 3897 fratrum
1448 3826 1706 3898 committimus
1721 3838 1764 3900 ut
1888 3825 1893 3844 '

328 3937 329 3942 ’
385 3920 494 4014 'ipsos
518 3927 595 3994 uice
621 3937 747 3996 nostra
771 3925 948 4006 defendat.
974 3935 1011 3996 et
1035 3925 1112 3999 isra
1137 3933 1260 3995 nostra
1286 3933 1322 3991 et
1346 3923 1510 4014 ipsorum
1541 3934 1697 3996 tueatur.
1733 3929 1764 3998 si

395 4023 508 4094 fuerit
532 4025 584 4095 eie
609 4022 730 4120 grauis
755 4038 817 4099 aut
843 4025 1060 4120 dampnosus
1084 4045 1151 4098 seu
1173 4020 1322 4094 institia.
1348 4041 1431 4094 eum
1457 4025 1527 4096 hoc
1552 4035 1676 4099 nostre
1712 4027 1764 4094 in-
