3746 4720
539 354 558 383 ··
595 415 599 425 .
694 311 960 402 Autbcntice.
1424 251 1514 418 ¹353

144 560 274 648 Notum
308 553 458 622 iacimus
491 547 677 620 universis.
711 541 940 640 presentibus
974 560 1010 619 et
1042 549 1185 625 suturis.
1218 551 1317 644 quod
1348 575 1414 624 nus
1438 557 1514 626 Pri.
1624 595 1626 600 ,
1722 595 1725 600 .

142 657 312 750 uilegium
340 652 477 722 domini
503 661 537 720 et
564 651 747 722 Genitoris
773 651 888 740 nostrj
917 651 1073 720 Conradi
1108 651 1300 722 recolende
1337 645 1512 735 memorie

143 781 251 850 super
277 753 519 844 obligatione,
553 753 762 820 Castrorum
788 751 918 820 Flozze
953 762 991 820 et
1025 751 1246 821 Parcbstein.
1283 774 1391 845 quam
1416 755 1513 826 idem

9 881 34 946 g
96 862 103 871 '
144 853 292 928 Genitor
325 863 459 924 noster.
505 851 685 944 quondum
718 855 798 940 Auo
829 862 969 922 nostro.
1026 851 1150 926 Ottoni
1184 851 1320 943 comitj,
1351 855 1512 926 Palatino

142 955 275 1046 Rbenj,
299 955 393 1022 Duci
418 953 583 1020 bawarie
610 951 763 1037 lacerat,
790 951 992 1022 constitutis
1014 952 1052 1020 in
1079 954 1260 1042 presentia
1285 965 1419 1022 nostra.
1452 979 1512 1027 ve·

9 1063 11 1098 ⁷
64 1139 70 1152 Ι
111 1051 361 1129 ,natabilibus
387 1053 564 1122 Patribus.
588 1052 768 1120 ¹Domino
794 1051 1009 1122 Eberhardo
1035 1053 1297 1124 Constantiensi
1316 1053 1510 1148 Episcopo.

141 1169 174 1227 et
204 1155 353 1226 domino
387 1153 557 1225 Bertoldo
593 1153 732 1220 Abbate
768 1151 890 1230 Sancti
926 1153 1030 1224 Galli.
1072 1151 1259 1224 Fridcrico
1294 1156 1434 1226 Gemite
1466 1157 1510 1227 tle
1579 1183 1583 1198 ’

140 1251 430 1346 Trahendingen.
480 1251 666 1320 Friderico
700 1253 905 1344 Burgrauio
940 1253 984 1347 de
1018 1239 1277 1324 Nverinberch.
1338 1257 1509 1327 Heinrico
1605 1308 1608 1321 .

138 1357 347 1426 Marchione
388 1353 433 1421 de
469 1351 659 1444 Burgawe.
717 1353 888 1430 Heinrico
924 1353 1131 1422 camerario
1165 1355 1209 1422 de
1245 1355 1506 1427 Ruuinsburcb'.

9 1495 11 1504 =
138 1456 310 1525 Heinrico
350 1455 526 1524 Pincerna
566 1453 609 1519 de
645 1451 907 1522 wintersteten.
972 1451 1171 1522 Volkmaro
1210 1451 1254 1522 de
1289 1455 1509 1528 Cheminnts.

9 1539 11 1560 ’
139 1559 345 1626 Hermanno
370 1554 415 1621 de
442 1545 704 1642 Haeginberch.
742 1575 784 1621 ac
809 1553 903 1642 alijs
915 1527 1053 1622 nbstris‘
1074 1551 1279 1638 fidelibus,·
1299 1575 1372 1624 non
1398 1554 1509 1626 abeli·
1632 1597 1636 1604 ·

139 1666 231 1744 tom,
255 1677 333 1725 non
360 1645 605 1724 c'sncellatum.
641 1661 712 1722 nec
734 1653 773 1722 in
798 1655 919 1746 aliqua
943 1663 1047 1744 parte
1072 1656 1127 1723 sui
1154 1653 1324 1724 viciatum
1355 1657 1511 1730 vidimus
1554 1653 1559 1660 ’

128 1756 173 1824 in
196 1761 274 1826 bec
288 1757 415 1824 verba.
470 1753 655 1824 Gonrndus
682 1760 764 1836 [etc
789 1753 1082 1824 videatur-sunus
1108 1763 1214 1832 1251
1238 1762 1362 1826 menae
1380 1755 1506 1852 Octob.

137 1857 318 1937 Monaci.)
359 1856 434 1923 Nos
457 1855 577 1946 itaque
603 1854 641 1922 in
667 1851 837 1942 predictis
859 1853 1007 2022 prelato
1036 1849 1208 1943 Genitori
1245 1866 1390 1944 nostro,
1428 1880 1509 1926 con·

138 1957 263 2026 sentire
290 1955 466 2024 volentes.
503 1953 762 2044 obligationem
789 1977 855 2022 ean
884 1977 940 2024 em
988 1963 1112 2036 ratam
1126 1957 1169 2022 ct
1202 1965 1342 2045 gratam
1375 1959 1506 2027 haben

138 2065 207 2144 tes,
230 2052 435 2152 quicquid
425 2077 462 2122 ιιι
483 2057 549 2122 bac
565 2065 679 2144 parte.
702 2053 898 2144 predictus
919 2053 1071 2122 Genitor
1094 2065 1218 2123 noster
1237 2056 1334 2123 fecit.
1387 2052 1507 2126 Auun·

138 2159 213 2226 culo
247 2165 376 2225 nostro
411 2152 602 2222 karissimo
638 2149 814 2224 Lodwico
846 2155 982 2230 illustri
1015 2154 1148 2242 Comitj
1181 2152 1343 2225 Palntino
1376 2157 1507 2225 Rheni.

9 2255 10 2260 ’
92 2293 95 2303 ·
138 2257 223 2326 Duci
244 2254 431 2339 bawarie,
458 2254 635 2346 presentis
661 2254 795 2342 Scripti
819 2254 1016 2323 munimine
1040 2251 1307 2324 confirmamus.
1348 2257 1507 2326 lncuius

9 2423 23 2440 ,,
116 2353 186 2428 ,rai
209 2355 458 2426 testimonium
483 2363 517 2422 et
543 2354 790 2444 predictorum
817 2375 978 2424 omnium
997 2355 1162 2424 stabilem
1179 2355 1398 2423 firmitatem.
1427 2378 1507 2446 pre·

138 2476 212 2526 senc
250 2452 446 2544 Scriptum.
482 2465 606 2523 nostro
640 2463 677 2521 et
710 2454 956 2544 predictorum
997 2455 1229 2526 dominorum
1265 2457 1436 2546 Episcopi
1470 2467 1508 2526 et

9 2535 11 2586 1
138 2555 288 2626 Abbatis.
343 2552 477 2646 sigillis
501 2577 586 2624 cum
620 2552 828 2626 testimonio
862 2555 1108 2645 predictorum
1141 2556 1301 2624 omnium
1339 2557 1507 2628 iussimus

138 2655 359 2726 communiri.
410 2656 543 2724 Datum
569 2664 656 2743 aput
682 2655 811 2743 [apud]
842 2658 1053 2743 Augustam.
1105 2659 1208 2724 Anno
1234 2655 1381 2722 domini.
1429 2657 1508 2722 Mil-

29 2747 33 2756 '
137 2755 265 2828 lesimo.
293 2755 551 2824 Ducentesimo
575 2754 809 2858 sexagesimo
831 2753 954 2826 Sexto.
977 2755 1096 2824 »Nono
1110 2752 1253 2824 kalend.
1278 2753 1507 2824 Nouembris.
1601 2787 1607 2794 ·

193 3027 227 3101 a)
253 2981 406 3106 Sigillum
431 3013 594 3104 primum,
592 3019 722 3138 ansgis
747 2999 783 3080 in
809 3035 866 3078 cra
890 3017 1048 3099 superiori
1074 3030 1105 3080 et
1130 3015 1259 3080 sinistra
1279 3015 1424 3092 laesum,
1450 3035 1505 3098 ep·

250 3119 368 3200 pendet
394 3141 433 3184 ex
459 3117 522 3184 filis
550 3119 659 3182 scricis
685 3119 777 3182 rubri
802 3115 934 3193 coloris,
969 3119 1095 3210 integra
1121 3119 1224 3213 adhuc
1249 3118 1332 3204 regis
1360 3117 1505 3204 imagine
1533 3117 1535 3120 ’

255 3233 286 3283 et
312 3219 429 3283 maiori
454 3219 671 3310 inspriptionie
697 3233 796 3304 parte.
847 3219 920 3282 Duo
947 3232 1052 3286 nutem
1073 3199 1197 3302 reliqua
1214 3214 1340 3305 sigilla,
1366 3215 1506 3300 episcopi

257 3333 288 3382 et
314 3319 451 3396 abbatis,
477 3321 659 3400 perierunt,
693 3305 947 3384 remanentibus
967 3317 1032 3384 filis
1065 3321 1192 3395 sericis,
1229 3315 1469 3384 membranae
1458 3339 1507 3377 ιιι-
1579 3353 1582 3358 ·
1640 3403 1643 3413 Ι

247 3417 355 3482 lenius
382 3413 627 3501 complicatae
615 3421 763 3498 annexis,
791 3439 871 3503 quae
896 3433 973 3482 sunt
997 3443 1055 3504 pro
1073 3419 1172 3484 altero
1193 3418 1302 3520 sigillo
1327 3417 1422 3494 fluvi,
1450 3439 1505 3498 pro

182 3565 187 3573 -
256 3519 347 3582 tertio
373 3519 486 3582 viridis
513 3519 638 3582 coloris.

198 3679 227 3754 c)
253 3673 389 3738 Indictib
414 3697 481 3737 nou
508 3687 554 3738 est
585 3693 741 3756 expressa.

197 3832 227 3904 c)
253 3827 392 3912 Editum,
411 3801 448 3890 in
475 3787 703 3891 Aettenlrhofer
727 3829 758 3890 k.
787 3829 903 3894 Gesch.
935 3801 1006 3901 116.
1032 3851 1124 3918 num.
1157 3842 1211 3896 12.

198 3977 231 4058 A)
256 3979 450 4044 Decumtum
477 4001 516 4045 ex
543 3982 672 4045 archivo
699 3983 811 4046 domus
837 3983 945 4074 regiae
969 3983 1082 4046 Βιιιι.

184 4126 249 4177 len.
264 4127 330 4176 note.
345 4132 400 4178 Vol.
415 4131 479 4174 m.
496 4143 538 4176 ιιι
552 4087 696 4176 connitenti
714 4143 787 4176 norm
805 4098 849 4176 lll.¹
1245 4109 1294 4183 lif)
1386 4091 1389 4096 ἱ
1458 4110 1463 4122 ⁸
1481 4105 1501 4158 λ’
