3864 4728
660 442 664 451 ,
803 366 928 482 episc.
959 365 1099 456 Pater.

710 655 716 664 -
833 588 1077 704 coum.

261 817 548 936 ‚Wornherus
587 817 909 930 (Bernhardus)
942 811 1171 940 ¹episcopus
1210 821 1434 926 confirmat
1465 825 1641 940 Grylio-

264 943 338 1040 nis,
358 938 501 1027 militis
533 957 575 1024 et
605 937 705 1024 civis
737 936 995 1028 dotationem
1027 939 1211 1056 capellae
1243 941 1285 1028 S.
1310 928 1470 1030 Mariae
1499 945 1544 1028 in
1571 946 1641 1044 lit-

363 1077 456 1142 tore
487 1055 541 1144 ad
565 1053 719 1172 gradus
745 1057 1006 1170 piscatorum
1030 1061 1072 1144 in
1104 1059 1269 1146 civitate
1298 1059 1549 1194 Viennensi.
1621 1125 1625 1132 -

710 1260 866 1330 Viennae.
898 1273 991 1330 1302.
1053 1275 1086 1330 2.
1111 1265 1191 1332 Dec.

260 1400 365 1544 Nos
391 1477 612 1550 wernherus
639 1472 707 1544 dei
733 1478 849 1566 gratia
875 1479 1034 1550 Ecclesia
1058 1480 1283 1552 Patauieosis
1306 1475 1523 1572 Episcopus,
1560 1503 1640 1572 pra

241 1571 426 1648 ,rentibus
460 1575 681 1646 eonfitemur.
710 1578 807 1668 qood
842 1582 1013 1650 honestus
1049 1582 1107 1651 sir
1140 1574 1320 1652 dominus.
1342 1573 1496 1676 Gryffo
1529 1579 1639 1650 mr'las
1701 1591 1704 1607 ¹

260 1673 493 1748 wiennensir
513 1676 642 1746 ¹solens
666 1677 784 1749 anime
811 1699 874 1749 sue
899 1689 938 1748 st
962 1683 1239 1772 progenitorum
1262 1691 1412 1748 suorum
1440 1681 1639 1759 remedium

261 1787 305 1846 et
329 1777 480 1846 salutem
506 1796 711 1866 procurare.
765 1775 957 1872 Capellam
984 1790 1120 1850 sancte
1135 1775 1269 1850 Marr'e
1292 1779 1330 1850 in
1354 1777 1467 1850 Iito're
1482 1779 1523 1850 in
1542 1775 1640 1848 Ciui-

263 1886 349 1946 tate
383 1873 614 1944 Wiennerrsi.
647 1876 685 1944 in
717 1899 790 1968 qua
825 1879 901 1968 ipse
933 1879 990 1968 jus
1022 1889 1233 1969 patronatus
1265 1881 1406 1972 optinet
1438 1878 1505 1948 sub
1533 1872 1647 1948 infra·x

262 1975 409 2066 seriptis
451 1973 715 2043 conditionibus
760 1977 907 2046 dotauit.
951 1979 1097 2047 donauit
1129 1977 1305 2070 siquidem
1342 1980 1459 2047 eidem
1498 1979 1639 2049 vineam

261 2095 389 2158 suam,
415 2071 519 2144 sitam
545 2097 660 2165 propa
686 2069 902 2146 Ecclesiam
933 2075 972 2144 in
999 2075 1230 2172 Otalrering.
1282 2082 1369 2146 ltem
1396 2099 1505 2169 super
1530 2079 1639 2146 dorne

136 2183 140 2190 '
262 2173 410 2244 Richeri
446 2175 627 2244 venatoris
655 2172 843 2244 duodecim
872 2177 1004 2244 solidos
1032 2179 1239 2244 annualium
1265 2178 1506 2270 reddituum..
1545 2177 1636 2244 Item

263 2297 374 2342 vnum
409 2275 578 2340 talentum
605 2275 811 2343 annualium
838 2275 1042 2343 reddituum
1069 2288 1177 2367 super
1203 2277 1310 2346 domo
1337 2277 1467 2346 Ditrici
1493 2273 1640 2364 stipula·
1749 2337 1755 2350 ‚

261 2375 353 2443 toris
389 2392 503 2462 prope
536 2384 677 2464 portam
716 2398 791 2465 que
818 2373 978 2444 aucrder‘
992 2373 1181 2470 Purr'gtm
1212 2388 1373 2446 vocatur.
1422 2377 1511 2442 lt'em
1539 2375 1641 2442 dimi·
1685 2453 1689 2475 1

263 2473 359 2542 diam
395 2471 526 2540 libram
558 2469 764 2542 reddituum
797 2476 980 2543 annuatim
1006 2499 1117 2566 super
1141 2473 1253 2546 domo
1280 2472 1553 2546 Cdornerinne.
1587 2475 1658 2542 ita,

263 2573 363 2666 quod
390 2573 602 2664 Capelianus
636 2574 696 2662 qui
723 2579 979 2664 protempcre
1005 2577 1175 2667 fueritin
1203 2577 1341 2666 prelata
1368 2575 1514 2665 Capella
1537 2574 1573 2640 in
1597 2574 1639 2640 li·

261 2685 345 2742 tore
377 2672 420 2740 da
453 2671 637 2762 premissis
674 2674 780 2740 vinea
812 2685 847 2740 et
881 2671 1079 2742 redditibus
1113 2677 1222 2743 trium
1250 2678 1466 2742 talentorum
1491 2693 1639 2754 vrass-

263 2795 343 2841 cum
371 2793 479 2840 vnum
503 2770 736 2840 sacerdotem.
763 2793 872 2839 snum
899 2771 1181 2862 subdyaconum.
1209 2783 1244 2840 et
1269 2795 1379 2864 vnum
1404 2775 1580 2840 scolarem
1598 2769 1637 2836 irs

187 2942 191 2948 ,
261 2873 338 2944 auis
375 2870 539 2960 expensis
566 2881 690 2938 tenera
717 2869 844 2939 debeat
870 2883 907 2940 et
933 2893 1089 2940 seruare.
1116 2883 1158 2940 at
1177 2869 1254 2965 ipsa
1281 2882 1316 2939 et
1342 2873 1460 2939 socius
1486 2891 1572 2939 suus
1598 2869 1638 2936 ln

264 2971 387 3039 eadem
414 2971 568 3062 Capella.
606 2971 703 3040 omni
729 2967 786 3038 die
813 2971 1050 3042 duas-missas
1076 2971 1271 3041 celebrare.
1305 2971 1372 3039 nisi
1399 2971 1559 3058 legitime
1585 2967 1636 3034 in·
1687 3033 1690 3038 ,
1763 3047 1771 3060 .

135 3067 176 3118 ἒ
263 3070 403 3162 pediti„
435 3073 480 3138 Et
513 3068 660 3138 cottidie
693 3091 880 3160 vesperas,
922 3083 957 3140 et
984 3073 1134 3162 singulis
1161 3071 1286 3140 diebus
1313 3069 1502 3139 dominicis
1528 3077 1563 3136 et
1589 3067 1639 3134 ie·

261 3170 362 3239 stiria
388 3169 578 3238 matutinas
604 3180 768 3237 teneatur
794 3171 995 3240 decantare.
1023 3175 1175 3259 insuper
1200 3171 1347 3240 donauit
1372 3192 1476 3238 unam
1504 3167 1637 3238 libram
1749 3191 1762 3202 ·

109 3277 137 3302 ·'
190 3313 200 3334 .
261 3269 465 3338 reddituum
492 3269 584 3336 dicta
599 3271 745 3358 Capella·
767 3291 876 3362 super
901 3272 1010 3350 domo
1037 3267 1234 3365 Sr'dlinjde
1250 3267 1470 3340 Hadmarsa
1496 3267 1540 3336 de
1568 3289 1638 3360 qua

263 3370 379 3440 dictus
407 3369 626 3460 Capellarius
652 3371 914 3457 (Capelianus)
941 3371 1040 3440 omni
1066 3371 1133 3438 die.
1160 3371 1231 3438 nisi
1256 3367 1478 3438 consuetudo
1506 3387 1638 3458 repug-

262 3481 345 3552 net,
384 3472 421 3535 in
454 3469 618 3560 predicta
643 3469 797 3558 Capella.
826 3469 1046 3559 'procurabit
1071 3471 1178 3560 Saloe
1204 3470 1341 3560 Regina
1359 3465 1425 3536 cb*
1457 3466 1638 3560 ¹honorem

265 3568 425 3658 gloriose
458 3569 628 3658 uirginis,
662 3568 717 3635 de
745 3588 848 3651 mane
875 3570 1123 3662 sollempniter
1147 3559 1342 3652 decantari.
1402 3566 1639 3659 losu'per‘dd·
1770 3563 1777 3580 “
1907 3567 1915 3576 “

261 3669 363 3736 nauis
388 3666 553 3736 vndeclm
578 3667 712 3736 solidos
737 3667 942 3737 reddituum
968 3670 1085 3737 minus
1112 3689 1175 3737 sex
1195 3669 1372 3737 denarios.
1398 3688 1508 3758 super
1527 3665 1636 3732 domo

188 3813 197 3836 .
264 3764 458 3836 Cleomenis
480 3761 690 3859 mohelarr'j
707 3765 745 3835 in
767 3765 847 3835 alta
868 3777 994 3837 strata
1011 3762 1124 3860 prope
1145 3769 1291 3838 domum
1310 3763 1494 3860 magistri
1518 3759 1629 3832 Otto·
1691 3757 1709 3821 ἶ

261 3869 326 3936 nis
347 3863 395 3934 de
410 3859 615 3958 Russpacls
640 3877 677 3934 vt
702 3867 841 3960 axillis
868 3869 988 3938 lumen
1012 3879 1227 3959 perpetuum
1256 3857 1381 3935 diebus
1408 3875 1443 3932 et
1470 3861 1635 3932 noctibus
1767 3932 1769 3940 ,

264 3965 312 4033 ad
336 3967 445 4041 altare
471 3975 592 4034 sancte
617 3965 732 4033 Maria
757 3967 793 4033 in
822 3967 964 4058 Capella
989 3977 1177 4060 prenotata
1203 3988 1269 4060 per
1293 3952 1525 4054 capellaniam
1553 3963 1634 4042 (Ca-
1734 3963 1736 3966 ’

261 4063 469 4156 pellanum']
497 4066 631 4178 iugiter
655 4079 880 4157 procuretur.
906 4069 970 4136 tali
996 4065 1205 4138 condicione
1224 4063 1396 4158 'apposita
1420 4063 1450 4134 ai
1477 4061 1634 4152 sepedic-
