<?xml version="1.0" encoding="UTF-8"?>
<!DOCTYPE html PUBLIC "-//W3C//DTD XHTML 1.0 Transitional//EN"
    "http://www.w3.org/TR/xhtml1/DTD/xhtml1-transitional.dtd">
<html xmlns="http://www.w3.org/1999/xhtml" xml:lang="en" lang="en">
 <head>
  <title>
</title>
<meta http-equiv="Content-Type" content="text/html;charset=utf-8" />
  <meta name='ocr-system' content='tesseract 3.04.00' />
  <meta name='ocr-capabilities' content='ocr_page ocr_carea ocr_par ocr_line ocrx_word'/>
</head>
<body>
  <div class='ocr_page' id='page_1' title='image "./monumentaboicae22landgoog_0257.png"; bbox 0 0 3772 4722; ppageno 0'>
   <div class='ocr_carea' id='block_1_1' title="bbox 661 271 1086 404">
    <p class='ocr_par' dir='ltr' id='par_1_1' title="bbox 661 271 1086 404">
     <span class='ocr_line' id='line_1_1' title="bbox 661 271 1086 404; baseline 0 -8"><span class='ocrx_word' id='word_1_1' title='bbox 661 271 927 404; x_wconf 70' lang='lat' dir='ltr'>Autbeutica</span> <span class='ocrx_word' id='word_1_2' title='bbox 1059 327 1086 402; x_wconf 70' lang='lat' dir='ltr'><strong><em>f</em></strong></span> 
     </span>
    </p>
   </div>
   <div class='ocr_carea' id='block_1_2' title="bbox 476 565 1102 727">
    <p class='ocr_par' dir='ltr' id='par_1_2' title="bbox 476 565 1102 727">
     <span class='ocr_line' id='line_1_2' title="bbox 476 565 1102 727; baseline 0.002 -3"><span class='ocrx_word' id='word_1_3' title='bbox 476 595 548 610; x_wconf 75' lang='grc'>’“’</span> <span class='ocrx_word' id='word_1_4' title='bbox 641 565 1102 727; x_wconf 68' lang='grc' dir='ltr'><strong>υοοΧιΗ.’-</strong></span> 
     </span>
    </p>
   </div>
   <div class='ocr_carea' id='block_1_3' title="bbox 354 809 1320 968">
    <p class='ocr_par' dir='ltr' id='par_1_3' title="bbox 354 809 1320 968">
     <span class='ocr_line' id='line_1_3' title="bbox 354 809 1320 968; baseline 0.007 -58"><span class='ocrx_word' id='word_1_5' title='bbox 354 849 463 911; x_wconf 72' lang='lat' dir='ltr'>&#39;Auno</span> <span class='ocrx_word' id='word_1_6' title='bbox 492 809 584 939; x_wconf 47' lang='lat'><strong>¹:²5⁶·</strong></span> <span class='ocrx_word' id='word_1_7' title='bbox 636 833 871 968; x_wconf 36' lang='lat' dir='ltr'>m&#39;e&#39;nsegiuiio.</span> <span class='ocrx_word' id='word_1_8' title='bbox 923 838 1008 948; x_wconf 79' lang='lat' dir='ltr'>apud</span> <span class='ocrx_word' id='word_1_9' title='bbox 1038 841 1222 951; x_wconf 67' lang='lat' dir='ltr'>anzaule3&#39;</span> <span class='ocrx_word' id='word_1_10' title='bbox 1239 839 1265 872; x_wconf 62' lang='lat'><strong>⁸</strong></span> <span class='ocrx_word' id='word_1_11' title='bbox 1292 863 1320 937; x_wconf 51' lang='lat'>,¹</span> 
     </span>
    </p>
   </div>
   <div class='ocr_carea' id='block_1_4' title="bbox 112 1021 1477 1594">
    <p class='ocr_par' dir='ltr' id='par_1_4' title="bbox 112 1021 1477 1594">
     <span class='ocr_line' id='line_1_4' title="bbox 113 1021 1477 1156; baseline -0.011 -23"><span class='ocrx_word' id='word_1_12' title='bbox 113 1021 365 1133; x_wconf 78' lang='lat' dir='ltr'>Fridericus¹</span> <span class='ocrx_word' id='word_1_13' title='bbox 381 1036 433 1128; x_wconf 91' lang='grc' dir='ltr'>ΙΙ.</span> <span class='ocrx_word' id='word_1_14' title='bbox 465 1040 697 1154; x_wconf 87' lang='lat' dir='ltr'>imperator</span> <span class='ocrx_word' id='word_1_15' title='bbox 730 1041 912 1127; x_wconf 85' lang='lat' dir='ltr'>ob’latam</span> <span class='ocrx_word' id='word_1_16' title='bbox 945 1037 1041 1126; x_wconf 80' lang='lat' dir='ltr'>sibi‘</span> <span class='ocrx_word' id='word_1_17' title='bbox 1066 1039 1310 1128; x_wconf 74' lang='lat' dir='ltr'>ab=abbate</span> <span class='ocrx_word' id='word_1_18' title='bbox 1341 1045 1477 1156; x_wconf 64' lang='lat' dir='ltr'>VrQn.</span> 
     </span>
     <span class='ocr_line' id='line_1_5' title="bbox 112 1157 1477 1272; baseline 0.006 -26"><span class='ocrx_word' id='word_1_19' title='bbox 112 1160 335 1246; x_wconf 84' lang='lat' dir='ltr'>buoerenai</span> <span class='ocrx_word' id='word_1_20' title='bbox 364 1157 597 1242; x_wconf 85' lang='lat' dir='ltr'>Bartholdo</span> <span class='ocrx_word' id='word_1_21' title='bbox 628 1157 890 1243; x_wconf 76' lang='lat' dir='ltr'>advocatiam</span> <span class='ocrx_word' id='word_1_22' title='bbox 917 1157 1080 1272; x_wconf 88' lang='lat' dir='ltr'>praedii</span> <span class='ocrx_word' id='word_1_23' title='bbox 1102 1157 1375 1256; x_wconf 83' lang='lat' dir='ltr'>Halchenriet</span> <span class='ocrx_word' id='word_1_24' title='bbox 1404 1199 1477 1253; x_wconf 86' lang='lat' dir='ltr'>ac·</span> 
     </span>
     <span class='ocr_line' id='line_1_6' title="bbox 116 1275 1477 1394; baseline 0 -32"><span class='ocrx_word' id='word_1_25' title='bbox 116 1297 266 1394; x_wconf 78' lang='lat' dir='ltr'>captat,</span> <span class='ocrx_word' id='word_1_26' title='bbox 314 1292 494 1388; x_wconf 77' lang='lat' dir='ltr'>etpost</span> <span class='ocrx_word' id='word_1_27' title='bbox 529 1291 695 1380; x_wconf 86' lang='lat' dir='ltr'>tempus</span> <span class='ocrx_word' id='word_1_28' title='bbox 733 1295 929 1358; x_wconf 85' lang='lat' dir='ltr'>accurate</span> <span class='ocrx_word' id='word_1_29' title='bbox 967 1275 1231 1386; x_wconf 85' lang='lat' dir='ltr'>designatum</span> <span class='ocrx_word' id='word_1_30' title='bbox 1261 1306 1346 1366; x_wconf 86' lang='lat' dir='ltr'>uua</span> <span class='ocrx_word' id='word_1_31' title='bbox 1377 1311 1477 1370; x_wconf 86' lang='lat' dir='ltr'>cmn</span> 
     </span>
     <span class='ocr_line' id='line_1_7' title="bbox 200 1389 1387 1592; baseline 0.002 -112"><span class='ocrx_word' id='word_1_32' title='bbox 200 1390 421 1480; x_wconf 86' lang='lat' dir='ltr'>advocatia</span> <span class='ocrx_word' id='word_1_33' title='bbox 447 1389 876 1592; x_wconf 76' lang='lat' dir='ltr'>monasteriidusibua</span> <span class='ocrx_word' id='word_1_34' title='bbox 907 1389 994 1475; x_wconf 86' lang='lat' dir='ltr'>suis</span> <span class='ocrx_word' id='word_1_35' title='bbox 1025 1390 1261 1480; x_wconf 79' lang='lat' dir='ltr'>subiectam</span> <span class='ocrx_word' id='word_1_36' title='bbox 1295 1413 1387 1482; x_wconf 78' lang='lat' dir='ltr'>essa</span> 
     </span>
     <span class='ocr_line' id='line_1_8' title="bbox 634 1505 947 1594; baseline 0.016 -6"><span class='ocrx_word' id='word_1_37' title='bbox 634 1579 672 1592; x_wconf 86' lang='lat'>..</span> <span class='ocrx_word' id='word_1_38' title='bbox 725 1505 890 1594; x_wconf 82' lang='lat' dir='ltr'>celarat.</span> <span class='ocrx_word' id='word_1_39' title='bbox 939 1585 947 1593; x_wconf 87' lang='lat'>.</span> 
     </span>
    </p>
   </div>
   <div class='ocr_carea' id='block_1_5' title="bbox 112 1680 1488 1840">
    <p class='ocr_par' dir='ltr' id='par_1_5' title="bbox 112 1680 1488 1840">
     <span class='ocr_line' id='line_1_9' title="bbox 112 1680 1488 1840; baseline 0.007 -33"><span class='ocrx_word' id='word_1_40' title='bbox 112 1680 367 1825; x_wconf 70' lang='lat' dir='ltr'>Frddericns)</span> <span class='ocrx_word' id='word_1_41' title='bbox 393 1741 459 1811; x_wconf 87' lang='lat' dir='ltr'>Dei</span> <span class='ocrx_word' id='word_1_42' title='bbox 486 1741 601 1832; x_wconf 75' lang='lat' dir='ltr'>gratia</span> <span class='ocrx_word' id='word_1_43' title='bbox 626 1743 871 1814; x_wconf 85' lang='lat' dir='ltr'>Romanorum</span> <span class='ocrx_word' id='word_1_44' title='bbox 898 1735 1099 1840; x_wconf 76' lang='lat' dir='ltr'>Imperator</span> <span class='ocrx_word' id='word_1_45' title='bbox 1124 1743 1488 1834; x_wconf 75' lang='lat' dir='ltr'>semperdngustus.&#39;</span> 
     </span>
    </p>
   </div>
   <div class='ocr_carea' id='block_1_6' title="bbox 16 1851 1475 2046">
    <p class='ocr_par' dir='ltr' id='par_1_6' title="bbox 16 1851 1475 2046">
     <span class='ocr_line' id='line_1_10' title="bbox 16 1851 1475 1960; baseline 0.003 -37"><span class='ocrx_word' id='word_1_46' title='bbox 16 1925 18 1960; x_wconf 37' lang='grc' dir='ltr'><strong>ἶ</strong></span> <span class='ocrx_word' id='word_1_47' title='bbox 112 1851 303 1926; x_wconf 80' lang='lat' dir='ltr'>Jerusalem</span> <span class='ocrx_word' id='word_1_48' title='bbox 330 1867 367 1925; x_wconf 87' lang='lat' dir='ltr'>et</span> <span class='ocrx_word' id='word_1_49' title='bbox 393 1857 525 1945; x_wconf 82' lang='lat' dir='ltr'>Sicylie</span> <span class='ocrx_word' id='word_1_50' title='bbox 550 1857 640 1924; x_wconf 83' lang='lat' dir='ltr'>Rex.</span> <span class='ocrx_word' id='word_1_51' title='bbox 691 1857 832 1925; x_wconf 84' lang='lat' dir='ltr'>Tenere</span> <span class='ocrx_word' id='word_1_52' title='bbox 859 1856 1082 1946; x_wconf 81' lang='lat' dir='ltr'>presentium</span> <span class='ocrx_word' id='word_1_53' title='bbox 1109 1865 1234 1924; x_wconf 89' lang='lat' dir='ltr'>notum</span> <span class='ocrx_word' id='word_1_54' title='bbox 1262 1878 1339 1928; x_wconf 82' lang='lat' dir='ltr'>aeae</span> <span class='ocrx_word' id='word_1_55' title='bbox 1375 1861 1475 1928; x_wconf 85' lang='lat' dir='ltr'>volu·</span> 
     </span>
     <span class='ocr_line' id='line_1_11' title="bbox 16 1953 1474 2046; baseline 0.001 -24"><span class='ocrx_word' id='word_1_56' title='bbox 16 1961 24 2030; x_wconf 72' lang='grc' dir='ltr'><em>ἵ</em></span> <span class='ocrx_word' id='word_1_57' title='bbox 110 1974 181 2023; x_wconf 83' lang='lat' dir='ltr'>mut</span> <span class='ocrx_word' id='word_1_58' title='bbox 211 1956 391 2034; x_wconf 69' lang='lat' dir='ltr'>uniuersis</span> <span class='ocrx_word' id='word_1_59' title='bbox 424 1954 569 2046; x_wconf 75' lang='lat' dir='ltr'>Imperii</span> <span class='ocrx_word' id='word_1_60' title='bbox 602 1953 785 2024; x_wconf 81' lang='lat' dir='ltr'>Fidelibua</span> <span class='ocrx_word' id='word_1_61' title='bbox 820 1966 896 2045; x_wconf 75' lang='lat' dir='ltr'>tam¹</span> <span class='ocrx_word' id='word_1_62' title='bbox 926 1955 1158 2042; x_wconf 85' lang='lat' dir='ltr'>presentibus</span> <span class='ocrx_word' id='word_1_63' title='bbox 1192 1977 1300 2045; x_wconf 88' lang='lat' dir='ltr'>quam</span> <span class='ocrx_word' id='word_1_64' title='bbox 1332 1956 1474 2030; x_wconf 85' lang='lat' dir='ltr'>futuris.</span> 
     </span>
    </p>
   </div>
   <div class='ocr_carea' id='block_1_7' title="bbox 16 2053 1475 2143">
    <p class='ocr_par' dir='ltr' id='par_1_7' title="bbox 16 2053 1475 2143">
     <span class='ocr_line' id='line_1_12' title="bbox 16 2053 1475 2143; baseline 0.002 -24"><span class='ocrx_word' id='word_1_65' title='bbox 16 2065 18 2080; x_wconf 76' lang='lat'><em>¹</em></span> <span class='ocrx_word' id='word_1_66' title='bbox 113 2053 198 2142; x_wconf 89' lang='lat' dir='ltr'>quod</span> <span class='ocrx_word' id='word_1_67' title='bbox 222 2055 439 2124; x_wconf 89' lang='lat' dir='ltr'>constitutus</span> <span class='ocrx_word' id='word_1_68' title='bbox 465 2054 503 2122; x_wconf 94' lang='lat' dir='ltr'>in</span> <span class='ocrx_word' id='word_1_69' title='bbox 528 2054 709 2143; x_wconf 84' lang='lat' dir='ltr'>presentia</span> <span class='ocrx_word' id='word_1_70' title='bbox 735 2065 868 2122; x_wconf 87' lang='lat' dir='ltr'>nostra.</span> <span class='ocrx_word' id='word_1_71' title='bbox 917 2053 1135 2120; x_wconf 86' lang='lat' dir='ltr'>Bartholdus</span> <span class='ocrx_word' id='word_1_72' title='bbox 1161 2053 1378 2126; x_wconf 81' lang='lat' dir='ltr'>venerabilia</span> <span class='ocrx_word' id='word_1_73' title='bbox 1404 2057 1475 2122; x_wconf 86' lang='lat' dir='ltr'>Ab·</span> 
     </span>
    </p>
   </div>
   <div class='ocr_carea' id='block_1_8' title="bbox 16 2148 1575 3906">
    <p class='ocr_par' dir='ltr' id='par_1_8' title="bbox 16 2148 1575 3906">
     <span class='ocr_line' id='line_1_13' title="bbox 110 2148 1474 2240; baseline 0.004 -23"><span class='ocrx_word' id='word_1_74' title='bbox 110 2150 168 2220; x_wconf 81' lang='lat' dir='ltr'>tus</span> <span class='ocrx_word' id='word_1_75' title='bbox 187 2153 230 2222; x_wconf 88' lang='lat' dir='ltr'>de</span> <span class='ocrx_word' id='word_1_76' title='bbox 254 2153 505 2224; x_wconf 75' lang='lat' dir='ltr'>utenbuoeren</span> <span class='ocrx_word' id='word_1_77' title='bbox 533 2151 667 2218; x_wconf 84' lang='lat' dir='ltr'>Fidelis</span> <span class='ocrx_word' id='word_1_78' title='bbox 691 2161 829 2220; x_wconf 83' lang='lat' dir='ltr'>noster.</span> <span class='ocrx_word' id='word_1_79' title='bbox 881 2151 1016 2220; x_wconf 80' lang='lat' dir='ltr'>Futura</span> <span class='ocrx_word' id='word_1_80' title='bbox 1042 2148 1294 2240; x_wconf 84' lang='lat' dir='ltr'>i&#39;ndempnitatj</span> <span class='ocrx_word' id='word_1_81' title='bbox 1321 2153 1376 2222; x_wconf 83' lang='lat' dir='ltr'>sui</span> <span class='ocrx_word' id='word_1_82' title='bbox 1394 2155 1474 2222; x_wconf 87' lang='grc' dir='ltr'>Μο-</span> 
     </span>
     <span class='ocr_line' id='line_1_14' title="bbox 111 2247 1476 2341; baseline 0.002 -25"><span class='ocrx_word' id='word_1_83' title='bbox 111 2251 242 2320; x_wconf 79' lang='lat' dir='ltr'>austerii</span> <span class='ocrx_word' id='word_1_84' title='bbox 269 2254 466 2322; x_wconf 84' lang='lat' dir='ltr'>consulens</span> <span class='ocrx_word' id='word_1_85' title='bbox 497 2260 622 2340; x_wconf 77' lang='lat' dir='ltr'>snper¹</span> <span class='ocrx_word' id='word_1_86' title='bbox 640 2251 768 2340; x_wconf 88' lang='lat' dir='ltr'>predio</span> <span class='ocrx_word' id='word_1_87' title='bbox 793 2247 1040 2320; x_wconf 74' lang='lat' dir='ltr'>Helenenrier</span> <span class='ocrx_word' id='word_1_88' title='bbox 1057 2251 1157 2341; x_wconf 87' lang='lat' dir='ltr'>quod</span> <span class='ocrx_word' id='word_1_89' title='bbox 1177 2251 1313 2320; x_wconf 83' lang='lat' dir='ltr'>-Comee</span> <span class='ocrx_word' id='word_1_90' title='bbox 1341 2251 1476 2322; x_wconf 82' lang='lat' dir='ltr'>Gotsri·</span> 
     </span>
     <span class='ocr_line' id='line_1_15' title="bbox 111 2343 1575 2444; baseline 0.003 -30"><span class='ocrx_word' id='word_1_91' title='bbox 111 2346 167 2417; x_wconf 84' lang='lat' dir='ltr'>dus</span> <span class='ocrx_word' id='word_1_92' title='bbox 191 2350 232 2420; x_wconf 89' lang='lat' dir='ltr'>de</span> <span class='ocrx_word' id='word_1_93' title='bbox 257 2353 414 2444; x_wconf 83' lang='lat' dir='ltr'>Maretet</span> <span class='ocrx_word' id='word_1_94' title='bbox 440 2360 476 2418; x_wconf 91' lang='lat' dir='ltr'>et</span> <span class='ocrx_word' id='word_1_95' title='bbox 500 2371 594 2418; x_wconf 87' lang='lat' dir='ltr'>uxor</span> <span class='ocrx_word' id='word_1_96' title='bbox 620 2351 696 2418; x_wconf 89' lang='lat' dir='ltr'>eius</span> <span class='ocrx_word' id='word_1_97' title='bbox 711 2351 865 2420; x_wconf 82' lang='lat' dir='ltr'>Berebta</span> <span class='ocrx_word' id='word_1_98' title='bbox 888 2373 956 2442; x_wconf 92' lang='lat' dir='ltr'>pro</span> <span class='ocrx_word' id='word_1_99' title='bbox 982 2350 1143 2431; x_wconf 79' lang='lat' dir='ltr'>remedio</span> <span class='ocrx_word' id='word_1_100' title='bbox 1161 2350 1278 2418; x_wconf 84' lang='lat' dir='ltr'>anime</span> <span class='ocrx_word' id='word_1_101' title='bbox 1296 2343 1359 2418; x_wconf 83' lang='lat' dir='ltr'>ede</span> <span class='ocrx_word' id='word_1_102' title='bbox 1376 2349 1476 2419; x_wconf 87' lang='lat' dir='ltr'>dieto</span> <span class='ocrx_word' id='word_1_103' title='bbox 1573 2377 1575 2381; x_wconf 94' lang='lat'>·</span> 
     </span>
     <span class='ocr_line' id='line_1_16' title="bbox 90 2449 1476 2544; baseline 0.003 -30"><span class='ocrx_word' id='word_1_104' title='bbox 90 2451 321 2541; x_wconf 16' lang='lat' dir='ltr'>*monasterio</span> <span class='ocrx_word' id='word_1_105' title='bbox 347 2451 577 2518; x_wconf 83' lang='lat' dir='ltr'>contulerunt</span> <span class='ocrx_word' id='word_1_106' title='bbox 602 2451 873 2540; x_wconf 86' lang='lat' dir='ltr'>Imperatoriam</span> <span class='ocrx_word' id='word_1_107' title='bbox 901 2450 1122 2518; x_wconf 85' lang='lat' dir='ltr'>maiestatem</span> <span class='ocrx_word' id='word_1_108' title='bbox 1149 2457 1309 2520; x_wconf 85' lang='lat' dir='ltr'>nostram</span> <span class='ocrx_word' id='word_1_109' title='bbox 1336 2449 1379 2518; x_wconf 88' lang='lat' dir='ltr'>ad</span> <span class='ocrx_word' id='word_1_110' title='bbox 1406 2453 1476 2544; x_wconf 85' lang='lat' dir='ltr'>hoo</span> 
     </span>
     <span class='ocr_line' id='line_1_17' title="bbox 111 2545 1477 2638; baseline 0.003 -24"><span class='ocrx_word' id='word_1_111' title='bbox 111 2547 232 2636; x_wconf 74' lang='lat' dir='ltr'>eligens</span> <span class='ocrx_word' id='word_1_112' title='bbox 259 2548 441 2618; x_wconf 82' lang='lat' dir='ltr'>concessit</span> <span class='ocrx_word' id='word_1_113' title='bbox 466 2545 571 2616; x_wconf 86' lang='lat' dir='ltr'>nobis</span> <span class='ocrx_word' id='word_1_114' title='bbox 597 2549 820 2617; x_wconf 88' lang='lat' dir='ltr'>aduocatiam</span> <span class='ocrx_word' id='word_1_115' title='bbox 847 2547 891 2616; x_wconf 90' lang='lat' dir='ltr'>de</span> <span class='ocrx_word' id='word_1_116' title='bbox 917 2549 1045 2638; x_wconf 84' lang='lat' dir='ltr'>predio</span> <span class='ocrx_word' id='word_1_117' title='bbox 1071 2558 1282 2617; x_wconf 84' lang='lat' dir='ltr'>memorato.</span> <span class='ocrx_word' id='word_1_118' title='bbox 1312 2568 1357 2618; x_wconf 87' lang='lat' dir='ltr'>eo</span> <span class='ocrx_word' id='word_1_119' title='bbox 1376 2548 1477 2618; x_wconf 89' lang='lat' dir='ltr'>uide·</span> 
     </span>
     <span class='ocr_line' id='line_1_18' title="bbox 16 2643 1474 2738; baseline 0.004 -28"><span class='ocrx_word' id='word_1_120' title='bbox 16 2695 19 2710; x_wconf 87' lang='lat'>.</span> <span class='ocrx_word' id='word_1_121' title='bbox 110 2643 183 2714; x_wconf 86' lang='lat' dir='ltr'>licet</span> <span class='ocrx_word' id='word_1_122' title='bbox 205 2659 313 2737; x_wconf 87' lang='lat' dir='ltr'>pacto</span> <span class='ocrx_word' id='word_1_123' title='bbox 339 2647 574 2738; x_wconf 73' lang='lat' dir='ltr'>utquamdiu</span> <span class='ocrx_word' id='word_1_124' title='bbox 601 2647 785 2736; x_wconf 86' lang='lat' dir='ltr'>predictus</span> <span class='ocrx_word' id='word_1_125' title='bbox 813 2648 942 2736; x_wconf 83' lang='lat' dir='ltr'>Comes</span> <span class='ocrx_word' id='word_1_126' title='bbox 970 2657 1006 2713; x_wconf 91' lang='lat' dir='ltr'>et</span> <span class='ocrx_word' id='word_1_127' title='bbox 1030 2667 1124 2714; x_wconf 87' lang='lat' dir='ltr'>uxor</span> <span class='ocrx_word' id='word_1_128' title='bbox 1150 2646 1226 2714; x_wconf 87' lang='lat' dir='ltr'>eine</span> <span class='ocrx_word' id='word_1_129' title='bbox 1250 2647 1383 2715; x_wconf 73' lang='lat' dir='ltr'>Ber-tha</span> <span class='ocrx_word' id='word_1_130' title='bbox 1418 2669 1474 2716; x_wconf 86' lang='lat' dir='ltr'>su·</span> 
     </span>
     <span class='ocr_line' id='line_1_19' title="bbox 111 2741 1473 2838; baseline 0.003 -29"><span class='ocrx_word' id='word_1_131' title='bbox 111 2746 338 2830; x_wconf 84' lang='lat' dir='ltr'>pernixerint.</span> <span class='ocrx_word' id='word_1_132' title='bbox 365 2746 496 2838; x_wconf 86' lang='lat' dir='ltr'>quibus</span> <span class='ocrx_word' id='word_1_133' title='bbox 521 2741 661 2812; x_wconf 87' lang='lat' dir='ltr'>ratione</span> <span class='ocrx_word' id='word_1_134' title='bbox 688 2745 848 2812; x_wconf 85' lang='lat' dir='ltr'>eiusdem</span> <span class='ocrx_word' id='word_1_135' title='bbox 873 2744 1063 2812; x_wconf 83' lang='lat' dir='ltr'>aduocatie</span> <span class='ocrx_word' id='word_1_136' title='bbox 1090 2745 1134 2810; x_wconf 91' lang='lat' dir='ltr'>de</span> <span class='ocrx_word' id='word_1_137' title='bbox 1155 2743 1326 2830; x_wconf 83' lang='lat' dir='ltr'>¹predicto</span> <span class='ocrx_word' id='word_1_138' title='bbox 1351 2766 1473 2813; x_wconf 88' lang='lat' dir='ltr'>mona·</span> 
     </span>
     <span class='ocr_line' id='line_1_20' title="bbox 111 2833 1520 2936; baseline 0.003 -28"><span class='ocrx_word' id='word_1_139' title='bbox 111 2847 210 2914; x_wconf 87' lang='lat' dir='ltr'>sterio</span> <span class='ocrx_word' id='word_1_140' title='bbox 234 2856 338 2915; x_wconf 87' lang='lat' dir='ltr'>certa</span> <span class='ocrx_word' id='word_1_141' title='bbox 363 2845 488 2936; x_wconf 87' lang='lat' dir='ltr'>pensio</span> <span class='ocrx_word' id='word_1_142' title='bbox 515 2849 569 2912; x_wconf 82' lang='lat' dir='ltr'>est&#39;</span> <span class='ocrx_word' id='word_1_143' title='bbox 594 2843 779 2934; x_wconf 83' lang='lat' dir='ltr'>designata</span> <span class='ocrx_word' id='word_1_144' title='bbox 805 2845 864 2910; x_wconf 87' lang='lat' dir='ltr'>uel</span> <span class='ocrx_word' id='word_1_145' title='bbox 890 2841 1062 2934; x_wconf 82' lang='lat' dir='ltr'>quamdiu</span> <span class='ocrx_word' id='word_1_146' title='bbox 1087 2865 1109 2910; x_wconf 87' lang='lat' dir='ltr'>a</span> <span class='ocrx_word' id='word_1_147' title='bbox 1135 2841 1343 2929; x_wconf 81' lang='lat' dir='ltr'>receptione</span> <span class='ocrx_word' id='word_1_148' title='bbox 1376 2842 1472 2912; x_wconf 86' lang='lat' dir='ltr'>dicte</span> <span class='ocrx_word' id='word_1_149' title='bbox 1514 2833 1520 2843; x_wconf 73' lang='grc'><strong>’</strong></span> 
     </span>
     <span class='ocr_line' id='line_1_21' title="bbox 110 2937 1472 3032; baseline 0.002 -23"><span class='ocrx_word' id='word_1_150' title='bbox 110 2943 276 3028; x_wconf 77' lang='lat' dir='ltr'>pensionis</span> <span class='ocrx_word' id='word_1_151' title='bbox 307 2944 510 3012; x_wconf 82' lang='lat' dir='ltr'>uoluntaria</span> <span class='ocrx_word' id='word_1_152' title='bbox 537 2965 609 3010; x_wconf 90' lang='lat' dir='ltr'>non</span> <span class='ocrx_word' id='word_1_153' title='bbox 636 2943 805 3010; x_wconf 88' lang='lat' dir='ltr'>duxerint</span> <span class='ocrx_word' id='word_1_154' title='bbox 843 2941 1094 3010; x_wconf 88' lang='lat' dir='ltr'>recedendum.</span> <span class='ocrx_word' id='word_1_155' title='bbox 1130 2937 1275 3008; x_wconf 86' lang='lat' dir='ltr'>nomine</span> <span class='ocrx_word' id='word_1_156' title='bbox 1309 2939 1472 3032; x_wconf 83' lang='lat' dir='ltr'>predicte</span> 
     </span>
     <span class='ocr_line' id='line_1_22' title="bbox 109 3037 1472 3133; baseline 0.003 -27"><span class='ocrx_word' id='word_1_157' title='bbox 109 3041 292 3114; x_wconf 79' lang='lat' dir='ltr'>Aduocatie</span> <span class='ocrx_word' id='word_1_158' title='bbox 319 3039 431 3112; x_wconf 83' lang='lat' dir='ltr'>nichil</span> <span class='ocrx_word' id='word_1_159' title='bbox 457 3043 599 3133; x_wconf 85' lang='lat' dir='ltr'>penitus</span> <span class='ocrx_word' id='word_1_160' title='bbox 624 3037 813 3130; x_wconf 80' lang='lat' dir='ltr'>percipere</span> <span class='ocrx_word' id='word_1_161' title='bbox 841 3041 1045 3108; x_wconf 86' lang='lat' dir='ltr'>debeamus.</span> <span class='ocrx_word' id='word_1_162' title='bbox 1097 3037 1284 3106; x_wconf 80' lang='lat' dir='ltr'>Ambobus</span> <span class='ocrx_word' id='word_1_163' title='bbox 1312 3037 1400 3109; x_wconf 71' lang='lat' dir='ltr'>ve&#39;ro</span> <span class='ocrx_word' id='word_1_164' title='bbox 1435 3051 1472 3110; x_wconf 81' lang='lat' dir='ltr'>et</span> 
     </span>
     <span class='ocr_line' id='line_1_23' title="bbox 110 3137 1471 3229; baseline 0.003 -23"><span class='ocrx_word' id='word_1_165' title='bbox 110 3137 233 3211; x_wconf 80' lang='lat' dir='ltr'>Gemite</span> <span class='ocrx_word' id='word_1_166' title='bbox 258 3154 300 3214; x_wconf 85' lang='lat' dir='ltr'>et</span> <span class='ocrx_word' id='word_1_167' title='bbox 317 3143 506 3211; x_wconf 80' lang='lat' dir='ltr'>comitissa</span> <span class='ocrx_word' id='word_1_168' title='bbox 532 3141 788 3210; x_wconf 79' lang='lat' dir='ltr'>decedentibus</span> <span class='ocrx_word' id='word_1_169' title='bbox 814 3141 873 3207; x_wconf 92' lang='lat' dir='ltr'>uel</span> <span class='ocrx_word' id='word_1_170' title='bbox 899 3138 1062 3229; x_wconf 88' lang='lat' dir='ltr'>pensioni</span> <span class='ocrx_word' id='word_1_171' title='bbox 1081 3159 1144 3205; x_wconf 86' lang='lat' dir='ltr'>aue</span> <span class='ocrx_word' id='word_1_172' title='bbox 1165 3139 1325 3206; x_wconf 80' lang='lat' dir='ltr'>totaliter</span> <span class='ocrx_word' id='word_1_173' title='bbox 1339 3161 1471 3210; x_wconf 83' lang='lat' dir='ltr'>renun-</span> 
     </span>
     <span class='ocr_line' id='line_1_24' title="bbox 107 3229 1553 3330; baseline 0.004 -28"><span class='ocrx_word' id='word_1_174' title='bbox 107 3236 263 3312; x_wconf 85' lang='lat' dir='ltr'>tiantibus</span> <span class='ocrx_word' id='word_1_175' title='bbox 291 3243 348 3310; x_wconf 85' lang='lat' dir='ltr'>ius</span> <span class='ocrx_word' id='word_1_176' title='bbox 372 3241 634 3309; x_wconf 84' lang='lat' dir='ltr'>aduocaticium</span> <span class='ocrx_word' id='word_1_177' title='bbox 660 3241 704 3308; x_wconf 88' lang='lat' dir='ltr'>de</span> <span class='ocrx_word' id='word_1_178' title='bbox 726 3241 827 3307; x_wconf 83' lang='lat' dir='ltr'>totali</span> <span class='ocrx_word' id='word_1_179' title='bbox 846 3233 973 3330; x_wconf 88' lang='lat' dir='ltr'>predio</span> <span class='ocrx_word' id='word_1_180' title='bbox 991 3239 1143 3306; x_wconf 82' lang='lat' dir='ltr'>transiet</span> <span class='ocrx_word' id='word_1_181' title='bbox 1157 3229 1193 3304; x_wconf 89' lang='lat' dir='ltr'>in</span> <span class='ocrx_word' id='word_1_182' title='bbox 1211 3259 1296 3306; x_wconf 87' lang='lat' dir='ltr'>usus</span> <span class='ocrx_word' id='word_1_183' title='bbox 1313 3249 1470 3326; x_wconf 82' lang='lat' dir='ltr'>nostroe,</span> <span class='ocrx_word' id='word_1_184' title='bbox 1545 3287 1553 3292; x_wconf 94' lang='lat'><em>-</em></span> 
     </span>
     <span class='ocr_line' id='line_1_25' title="bbox 109 3337 1470 3431; baseline 0.005 -29"><span class='ocrx_word' id='word_1_185' title='bbox 109 3355 147 3404; x_wconf 87' lang='lat' dir='ltr'>eo</span> <span class='ocrx_word' id='word_1_186' title='bbox 168 3338 241 3409; x_wconf 85' lang='lat' dir='ltr'>inre</span> <span class='ocrx_word' id='word_1_187' title='bbox 266 3351 304 3411; x_wconf 88' lang='lat' dir='ltr'>et</span> <span class='ocrx_word' id='word_1_188' title='bbox 331 3340 537 3408; x_wconf 87' lang='lat' dir='ltr'>conditione</span> <span class='ocrx_word' id='word_1_189' title='bbox 563 3339 694 3431; x_wconf 89' lang='lat' dir='ltr'>quibus</span> <span class='ocrx_word' id='word_1_190' title='bbox 709 3339 904 3406; x_wconf 82' lang='lat' dir='ltr'>Aduocatia</span> <span class='ocrx_word' id='word_1_191' title='bbox 923 3337 1091 3426; x_wconf 86' lang='lat' dir='ltr'>prelibatj</span> <span class='ocrx_word' id='word_1_192' title='bbox 1107 3337 1320 3404; x_wconf 77' lang='lat' dir='ltr'>Menanterii</span> <span class='ocrx_word' id='word_1_193' title='bbox 1337 3340 1470 3409; x_wconf 78' lang='lat' dir='ltr'>nostrie</span> 
     </span>
     <span class='ocr_line' id='line_1_26' title="bbox 107 3433 1574 3532; baseline 0.005 -32"><span class='ocrx_word' id='word_1_194' title='bbox 107 3435 220 3506; x_wconf 86' lang='lat' dir='ltr'>usibus</span> <span class='ocrx_word' id='word_1_195' title='bbox 242 3451 296 3509; x_wconf 86' lang='lat' dir='ltr'>est</span> <span class='ocrx_word' id='word_1_196' title='bbox 323 3439 498 3508; x_wconf 85' lang='lat' dir='ltr'>subiecta.</span> <span class='ocrx_word' id='word_1_197' title='bbox 547 3438 604 3506; x_wconf 82' lang='lat' dir='ltr'>Ad</span> <span class='ocrx_word' id='word_1_198' title='bbox 627 3437 734 3509; x_wconf 86' lang='lat' dir='ltr'>huius</span> <span class='ocrx_word' id='word_1_199' title='bbox 761 3438 882 3532; x_wconf 88' lang='lat' dir='ltr'>itaque</span> <span class='ocrx_word' id='word_1_200' title='bbox 910 3437 964 3502; x_wconf 88' lang='lat' dir='ltr'>rei</span> <span class='ocrx_word' id='word_1_201' title='bbox 991 3433 1202 3504; x_wconf 80' lang='lat' dir='ltr'>mensorium</span> <span class='ocrx_word' id='word_1_202' title='bbox 1231 3443 1266 3503; x_wconf 84' lang='lat' dir='ltr'>et</span> <span class='ocrx_word' id='word_1_203' title='bbox 1292 3436 1407 3505; x_wconf 90' lang='lat' dir='ltr'>robur</span> <span class='ocrx_word' id='word_1_204' title='bbox 1430 3437 1470 3504; x_wconf 89' lang='lat' dir='ltr'>in</span> <span class='ocrx_word' id='word_1_205' title='bbox 1563 3491 1574 3508; x_wconf 77' lang='grc'><strong><em>,</em></strong></span> 
     </span>
     <span class='ocr_line' id='line_1_27' title="bbox 106 3525 1468 3634; baseline 0.004 -34"><span class='ocrx_word' id='word_1_206' title='bbox 106 3545 279 3624; x_wconf 83' lang='lat' dir='ltr'>posterum</span> <span class='ocrx_word' id='word_1_207' title='bbox 311 3529 522 3609; x_wconf 84' lang='lat' dir='ltr'>ualiturum.</span> <span class='ocrx_word' id='word_1_208' title='bbox 556 3557 705 3626; x_wconf 83' lang='lat' dir='ltr'>presens</span> <span class='ocrx_word' id='word_1_209' title='bbox 740 3525 932 3634; x_wconf 81' lang='lat' dir='ltr'>scriptum&#39;</span> <span class='ocrx_word' id='word_1_210' title='bbox 952 3529 1072 3624; x_wconf 85' lang='lat' dir='ltr'>sigillo</span> <span class='ocrx_word' id='word_1_211' title='bbox 1097 3535 1468 3606; x_wconf 81' lang='lat' dir='ltr'>nostrecelsitudinia</span> 
     </span>
     <span class='ocr_line' id='line_1_28' title="bbox 108 3627 1548 3731; baseline 0.001 -35"><span class='ocrx_word' id='word_1_212' title='bbox 108 3629 243 3706; x_wconf 76' lang='lat' dir='ltr'>iacimus</span> <span class='ocrx_word' id='word_1_213' title='bbox 269 3636 447 3731; x_wconf 74' lang='lat' dir='ltr'>roborari.</span> <span class='ocrx_word' id='word_1_214' title='bbox 498 3637 632 3722; x_wconf 87' lang='lat' dir='ltr'>Datum</span> <span class='ocrx_word' id='word_1_215' title='bbox 657 3635 753 3724; x_wconf 76' lang='lat' dir='ltr'>apud</span> <span class='ocrx_word' id='word_1_216' title='bbox 780 3630 969 3703; x_wconf 79' lang='lat' dir='ltr'>Gunzenle</span> <span class='ocrx_word' id='word_1_217' title='bbox 1002 3634 1039 3700; x_wconf 93' lang='lat' dir='ltr'>in</span> <span class='ocrx_word' id='word_1_218' title='bbox 1067 3627 1217 3702; x_wconf 72' lang='lat' dir='ltr'>castae:</span> <span class='ocrx_word' id='word_1_219' title='bbox 1264 3635 1367 3703; x_wconf 80' lang='lat' dir='ltr'>Anno</span> <span class='ocrx_word' id='word_1_220' title='bbox 1402 3630 1466 3702; x_wconf 85' lang='lat' dir='ltr'>do·</span> <span class='ocrx_word' id='word_1_221' title='bbox 1543 3711 1548 3720; x_wconf 28' lang='grc' dir='ltr'>Ι</span> 
     </span>
     <span class='ocr_line' id='line_1_29' title="bbox 107 3729 1465 3824; baseline 0.004 -26"><span class='ocrx_word' id='word_1_222' title='bbox 107 3729 223 3804; x_wconf 84' lang='lat' dir='ltr'>tuinice</span> <span class='ocrx_word' id='word_1_223' title='bbox 265 3735 534 3806; x_wconf 82' lang='lat' dir='ltr'>incarnationis.</span> <span class='ocrx_word' id='word_1_224' title='bbox 600 3733 793 3805; x_wconf 85' lang='lat' dir='ltr'>Millesimo</span> <span class='ocrx_word' id='word_1_225' title='bbox 837 3733 1086 3806; x_wconf 80' lang='lat' dir='ltr'>ducentesimo</span> <span class='ocrx_word' id='word_1_226' title='bbox 1124 3733 1307 3803; x_wconf 77' lang='lat' dir='ltr'>tricesimo</span> <span class='ocrx_word' id='word_1_227' title='bbox 1340 3743 1465 3824; x_wconf 64' lang='lat' dir='ltr'>sexto.</span> 
     </span>
     <span class='ocr_line' id='line_1_30' title="bbox 106 3827 1036 3906; baseline 0.004 -9"><span class='ocrx_word' id='word_1_228' title='bbox 106 3827 215 3902; x_wconf 81' lang='lat' dir='ltr'>Mense</span> <span class='ocrx_word' id='word_1_229' title='bbox 239 3835 327 3904; x_wconf 81' lang='lat' dir='ltr'>Jntti</span> <span class='ocrx_word' id='word_1_230' title='bbox 352 3837 457 3906; x_wconf 88' lang='lat' dir='ltr'>Nune</span> <span class='ocrx_word' id='word_1_231' title='bbox 480 3832 700 3902; x_wconf 79' lang='lat' dir='ltr'>indictionis.</span> <span class='ocrx_word' id='word_1_232' title='bbox 1034 3833 1036 3838; x_wconf 82' lang='grc'><strong>’</strong></span> 
     </span>
    </p>
   </div>
   <div class='ocr_carea' id='block_1_9' title="bbox 146 3977 1464 4202">
    <p class='ocr_par' dir='ltr' id='par_1_9' title="bbox 146 3977 1464 4202">
     <span class='ocr_line' id='line_1_31' title="bbox 157 3977 1464 4106; baseline -0.002 -25"><span class='ocrx_word' id='word_1_233' title='bbox 157 4023 191 4098; x_wconf 81' lang='grc' dir='ltr'>ο)</span> <span class='ocrx_word' id='word_1_234' title='bbox 216 3983 387 4106; x_wconf 63' lang='lat' dir='ltr'>Sigillum,v</span> <span class='ocrx_word' id='word_1_235' title='bbox 413 4021 498 4104; x_wconf 81' lang='lat' dir='ltr'>quod</span> <span class='ocrx_word' id='word_1_236' title='bbox 523 4020 740 4102; x_wconf 84' lang='lat' dir='ltr'>appendebat,</span> <span class='ocrx_word' id='word_1_237' title='bbox 767 4019 882 4102; x_wconf 78' lang='lat' dir='ltr'>periit,</span> <span class='ocrx_word' id='word_1_238' title='bbox 907 3992 1093 4085; x_wconf 70' lang='lat' dir='ltr'>remanente</span> <span class='ocrx_word' id='word_1_239' title='bbox 1119 3977 1261 4082; x_wconf 73' lang='lat' dir='ltr'>maxima</span> <span class='ocrx_word' id='word_1_240' title='bbox 1286 4022 1374 4099; x_wconf 75' lang='lat' dir='ltr'>parte</span> <span class='ocrx_word' id='word_1_241' title='bbox 1395 4011 1464 4078; x_wconf 78' lang='lat' dir='ltr'>file-</span> 
     </span>
     <span class='ocr_line' id='line_1_32' title="bbox 146 4123 1253 4202; baseline -0.011 -16"><span class='ocrx_word' id='word_1_242' title='bbox 146 4132 284 4202; x_wconf 55' lang='grc' dir='ltr'>[μαι</span> <span class='ocrx_word' id='word_1_243' title='bbox 302 4141 437 4188; x_wconf 71' lang='lat' dir='ltr'>voum</span> <span class='ocrx_word' id='word_1_244' title='bbox 454 4139 657 4186; x_wconf 67' lang='lat' dir='ltr'>mannaan·</span> <span class='ocrx_word' id='word_1_245' title='bbox 675 4151 748 4186; x_wconf 63' lang='lat' dir='ltr'>asan</span> <span class='ocrx_word' id='word_1_246' title='bbox 764 4139 809 4184; x_wconf 79' lang='lat' dir='ltr'>nn</span> <span class='ocrx_word' id='word_1_247' title='bbox 1190 4123 1253 4201; x_wconf 17' lang='lat'>*52</span> 
     </span>
    </p>
   </div>
   <div class='ocr_carea' id='block_1_10' title="bbox 0 0 1890 4722">
    <p class='ocr_par' dir='ltr' id='par_1_10' title="bbox 0 0 1890 4722">
     <span class='ocr_line' id='line_1_33' title="bbox 0 0 1890 4722; baseline 0 3"><span class='ocrx_word' id='word_1_248' title='bbox 0 0 1890 4722; x_wconf 95' lang='lat' dir='ltr'> </span> 
     </span>
    </p>
   </div>
  </div>
 </body>
</html>
