3848 4738
237 312 246 337 ’·
326 281 452 402 'sao
664 245 673 264 ”
932 297 1187 416 susanna

239 581 241 586 ·
368 517 496 612 minus.
532 537 627 632 quod
664 535 863 617 laudabiles
902 535 1177 606 consuetudines
1218 535 1320 625 prius
1355 489 1564 609 obseruatas
1599 547 1635 606 et
1666 557 1741 606 con·

369 639 524 732 scriptas
549 662 622 730 per
642 660 706 708 nos
734 648 769 707 et
795 659 859 728 per
885 637 1190 728 praedecessores
1215 646 1375 707 nostros
1393 635 1530 705 eisdem
1563 629 1742 728 perpetuis

372 740 597 832 temporibus
622 739 817 808 observare
843 737 1019 827 solempni
1046 734 1278 826 stipulatione
1311 735 1531 851 spondemus
1563 737 1745 823 videlicet,

369 841 468 934 quod
503 860 626 907 omnes
663 839 799 908 decime
835 837 972 905 minute
997 839 1158 918 Ecclesie
1192 837 1475 926 parrochialis
1465 861 1504 904 ιιι
1526 833 1744 909 Hr'ibenstat

368 945 460 1012 sicut
487 941 531 1007 ab
559 939 726 1030 antiquo,
763 937 807 1006 ad
834 937 979 1004 Curiam
1004 937 1235 1005 dominorum
1261 947 1466 1018 nostrorum
1494 938 1746 1005 canonicorum

318 1087 320 1090 -
369 1044 405 1109 in
435 1037 698 1132 Manneizgen
723 1037 977 1128 pertinuerunt
1002 1047 1110 1127 prout
1136 1037 1317 1128 pertinent
1342 1047 1377 1104 et
1399 1038 1551 1104 collecte
1577 1046 1660 1106 sunt
1685 1037 1746 1102 ibi·

315 1207 317 1210 .
372 1143 453 1216 dem
480 1141 573 1208 sicut
599 1149 636 1207 et
660 1140 699 1206 in
725 1149 826 1205 antea
852 1139 1036 1228 perpetuis
1064 1137 1289 1227 temporibus
1316 1135 1499 1226 pertinere
1527 1146 1749 1226 spectarent

369 1241 490 1330 colligi
518 1236 707 1307 debentur
733 1241 821 1306 item
855 1236 1000 1306 tercius
1035 1235 1218 1308 &narius
1251 1232 1538 1321 exorcisma,
1575 1235 1642 1328 qui
1676 1238 1746 1304 vul·

369 1341 505 1430 gariter
531 1339 699 1408 dicuntur
709 1333 1126 1432 Obresempltenm'ng,
1160 1331 1207 1404 et
1229 1337 1357 1404 tertius
1384 1335 1498 1427 pontis
1530 1333 1748 1430 vulgariter

369 1449 596 1530 nuncupatus
620 1436 690 1508 der
715 1433 886 1508 drittlat'b
912 1459 980 1506 aus
1006 1441 1111 1508 aliem
1136 1447 1296 1530 merset.
1335 1438 1423 1502 Item
1448 1435 1581 1504 omnia
1607 1457 1691 1505 oua
1715 1435 1749 1504 in

370 1536 435 1608 die
456 1539 675 1607 Parasceven
702 1537 748 1606 ad
784 1539 994 1606 crucifixum
1030 1539 1167 1620 oblata,
1199 1557 1264 1606 eeu
1298 1536 1414 1626 posita
1449 1537 1494 1603 ad
1531 1536 1749 1627 praedictam

314 1693 316 1698 .
370 1640 552 1708 Curiam
543 1664 577 1704 ιιι
607 1635 985 1732 Muntzziagensicut
1009 1637 1053 1704 ab
1080 1638 1228 1728 antiquo
1254 1637 1520 1726 pertinuerant,
1562 1637 1625 1704 Sic
1661 1635 1749 1704 lutu-

370 1741 421 1806 ris
448 1738 633 1828 perpetuis
660 1735 885 1826 temporibus
919 1737 1100 1827 pertinere
1133 1747 1335 1805 noscantur.
1371 1737 1416 1804 Et
1451 1736 1686 1804 nihilominus
1718 1735 1750 1800 in

372 1837 648 1928 quibuscunque
673 1839 761 1904 locis
786 1836 873 1922 dicti
899 1838 1014 1904 nostri
1039 1837 1176 1905 domini
1211 1848 1248 1905 et
1264 1835 1523 1911 benefactores
1547 1836 1750 1926 prepositus

369 1937 525 2006 decanus
569 1945 757 2026 totumque
793 1935 996 2025 Capitulum
1030 1936 1295 2006 canonicorum
1328 1935 1487 2004 Ecclesia
1528 1935 1748 2005 Patauiensia

367 2037 524 2104 maiores
549 2035 704 2104 decimas
729 2036 917 2126 percipere
944 2043 980 2103 et
1006 2037 1179 2125 colligere
1204 2036 1251 2104 ab
1277 2036 1425 2128 antiquo
1460 2039 1748 2120 consueuerant,

368 2136 541 2206 Similiter
567 2135 675 2226 ydem
702 2133 840 2205 domini
865 2136 901 2203 in
927 2135 1016 2204 locis
1045 2137 1179 2204 eisdem
1206 2136 1362 2204 decimas
1389 2135 1544 2204 minutas
1571 2146 1682 2227 prout
1706 2136 1748 2202 ab

367 2237 515 2332 antiquo
533 2246 776 2324 perceperunt
801 2235 967 2304 similiter
982 2237 1166 2326 perpetuis
1192 2236 1320 2304 futuris
1338 2236 1560 2326 temporibus
1586 2237 1747 2327 recipere

301 2357 307 2366 ·
367 2347 403 2405 et
430 2335 600 2426 colligere
627 2337 864 2420 tenebuntur,
897 2333 1058 2426 qualibet
1083 2336 1368 2404 contradictione
1393 2347 1519 2405 nostra
1543 2358 1586 2406 ac
1613 2356 1750 2405 succes·

368 2456 494 2505 sorum
520 2445 730 2504 nostrorum
757 2436 883 2524 procul
905 2441 1026 2522 ‹mota3
1052 2437 1097 2502 Et
1122 2457 1194 2504 non
1220 2437 1397 2519 obstante,
1427 2458 1498 2526 que
1524 2437 1649 2505 omnia
1675 2457 1749 2526 pre·

368 2533 506 2626 scripta
531 2546 568 2604 et
592 2535 844 2625 prenominata
870 2556 936 2625 per
962 2535 1150 2603 iamdictos
1176 2535 1340 2604 dominos
1360 2535 1568 2608 -canonscos
1601 2545 1687 2606 sunt
1717 2545 1750 2602 et
1804 2569 1809 2576 ·

368 2635 516 2705 suerunt
544 2634 692 2724 pacifice
728 2655 891 2724 possessa
926 2645 962 2702 et
997 2635 1168 2703 canonice
1201 2634 1429 2724 praescripta
1461 2646 1572 2726 prout
1605 2635 1748 2726 publiea

368 2755 442 2804 vox
458 2746 493 2804 et
515 2733 613 2804 xsacrm
637 2729 755 2804 tocius
781 2734 969 2823 prouincie
997 2745 1096 2803 tenet
1120 2737 1248 2802 clamat
1267 2747 1302 2804 et
1328 2737 1436 2803 habet
1453 2748 1489 2804 et
1515 2757 1580 2805 nos
1606 2736 1748 2826 publice

367 2837 661 2926 recognoscimus
697 2844 733 2904 et
766 2833 992 2903 Profitemur.
1028 2836 1178 2923 Insuper
1210 2855 1276 2904 nos
1300 2833 1420 2903 Abbes
1460 2844 1631 2927 totusque
1666 2838 1750 2905 Con·

369 2935 737 3008 uentuslldonasterii
764 2929 941 3025 praedicti
967 2955 1008 3002 ac
1034 2954 1260 3002 successores
1298 2943 1442 3006 nostroe
1479 2934 1685 3025 obligemus
1716 2943 1749 3002 et

370 3033 609 3124 obligabimus
637 3034 682 3102 ad
699 3031 993 3104 obseruationem
1018 3034 1179 3102 omnium
1205 3033 1472 3124 praedictorum
1494 3057 1536 3103 ac
1554 3035 1748 3126 praescrip·

369 3144 490 3202 torum
516 3133 751 3206 articulorum
778 3136 815 3205 in
840 3131 973 3202 litteris
1000 3128 1231 3202 dominorum
1257 3135 1520 3204 canonicorum
1552 3157 1691 3204 necnon
1716 3136 1750 3202 in

368 3228 503 3300 nostris
529 3228 660 3302 litteris
687 3234 961 3325 quibuscunque
989 3243 1242 3310 contentorum
1276 3231 1491 3326 simpliciter
1523 3235 1679 3322 fideliter
1711 3257 1750 3302 ac

322 3349 325 3356 ’
367 3331 501 3400 deuote
548 3333 813 3404 Renunciantes
863 3332 1040 3404 omnibus*
1081 3327 1372 3424 exceptionibus,
1407 3335 1750 3406 contradictionibus

270 3445 278 3454 ’
367 3431 667 3522 appellationibus
704 3429 969 3502 exemtionibus
1010 3455 1052 3508 ac
1094 3434 1263 3504 omnibus
1305 3435 1385 3503 aliis
1429 3435 1597 3505 remediis
1631 3439 1748 3528 legum

367 3553 409 3602 ac
454 3552 630 3601 canonum
680 3554 978 3632 quorumcunque
1020 3539 1067 3604 Et
1104 3545 1143 3602 vt
1185 3536 1384 3626 praemissa
1425 3546 1600 3627 perpetua
1640 3536 1748 3603 firmi·

365 3641 441 3700 tate
488 3631 684 3703 fulciantur
720 3643 755 3701 et
792 3634 1005 3705 inconcussa
1041 3646 1289 3751 permaneant
1325 3637 1448 3706 noster
1485 3646 1587 3727 pater
1631 3633 1746 3703 Abbas

367 3730 535 3804 videlicet
578 3733 743 3804 visitator
784 3744 905 3804 noster
952 3735 1073 3804 omnia
1114 3735 1340 3826 praescripta
1380 3759 1426 3806 ex
1466 3745 1565 3804 certa
1605 3734 1750 3806 scientia

322 3877 327 3884 -
370 3832 579 3920 ratificauit,
632 3831 852 3924 approbauit
902 3845 940 3903 et
993 3834 1273 3906 confirmauit
1262 3861 1300 3904 ιιι
1349 3836 1471 3905 forma
1513 3846 1551 3905 vt
1591 3835 1748 3933 sequitpr

359 3930 564 4028 praedicta.
605 3935 679 4002 Nos
723 3943 827 4022 pater
868 3931 971 4004 Abba
1008 3936 1190 4025 Nycolaus
1228 3935 1350 4006 Abbas
1386 3935 1597 4005 Monasterii
1629 3934 1748 4003 Alder·

368 4031 570 4123 spacensis,
615 4033 835 4128 patauiensis
883 4033 1070 4126 dyocesis,
1121 4036 1287 4110 visitator
1335 4034 1544 4108 Monasterii
1593 4034 1631 4108 in
1679 4034 1748 4103 lar·
