<?xml version="1.0" encoding="UTF-8"?>
<!DOCTYPE html PUBLIC "-//W3C//DTD XHTML 1.0 Transitional//EN"
    "http://www.w3.org/TR/xhtml1/DTD/xhtml1-transitional.dtd">
<html xmlns="http://www.w3.org/1999/xhtml" xml:lang="en" lang="en">
 <head>
  <title>
</title>
<meta http-equiv="Content-Type" content="text/html;charset=utf-8" />
  <meta name='ocr-system' content='tesseract 3.04.00' />
  <meta name='ocr-capabilities' content='ocr_page ocr_carea ocr_par ocr_line ocrx_word'/>
</head>
<body>
  <div class='ocr_page' id='page_1' title='image "./monumentaboicae22landgoog_0029.png"; bbox 0 0 3870 4718; ppageno 0'>
   <div class='ocr_carea' id='block_1_1' title="bbox 747 290 1009 386">
    <p class='ocr_par' dir='ltr' id='par_1_1' title="bbox 747 290 1009 386">
     <span class='ocr_line' id='line_1_1' title="bbox 747 290 1009 386; baseline -0.008 0"><span class='ocrx_word' id='word_1_1' title='bbox 747 290 1009 386; x_wconf 84' lang='lat' dir='ltr'><strong>Anthentice.</strong></span> 
     </span>
    </p>
   </div>
   <div class='ocr_carea' id='block_1_2' title="bbox 772 624 1010 734">
    <p class='ocr_par' dir='ltr' id='par_1_2' title="bbox 772 624 1010 734">
     <span class='ocr_line' id='line_1_2' title="bbox 772 624 1010 734; baseline -0.034 -1"><span class='ocrx_word' id='word_1_2' title='bbox 772 624 1010 734; x_wconf 87' lang='lat' dir='ltr'><strong>DCVIII.</strong></span> 
     </span>
    </p>
   </div>
   <div class='ocr_carea' id='block_1_3' title="bbox 571 866 1202 938">
    <p class='ocr_par' dir='ltr' id='par_1_3' title="bbox 571 866 1202 938">
     <span class='ocr_line' id='line_1_3' title="bbox 571 866 1202 938; baseline -0.017 0"><span class='ocrx_word' id='word_1_3' title='bbox 571 875 664 938; x_wconf 79' lang='lat' dir='ltr'><strong>Auno</strong></span> <span class='ocrx_word' id='word_1_4' title='bbox 695 881 790 936; x_wconf 65' lang='grc' dir='ltr'><strong>ιω.</strong></span> <span class='ocrx_word' id='word_1_5' title='bbox 842 880 893 932; x_wconf 74' lang='lat' dir='ltr'><strong>rr.</strong></span> <span class='ocrx_word' id='word_1_6' title='bbox 920 866 1022 933; x_wconf 77' lang='lat' dir='ltr'><strong>lunii.</strong></span> <span class='ocrx_word' id='word_1_7' title='bbox 1073 866 1202 931; x_wconf 70' lang='lat' dir='ltr'><strong>Ulmus.</strong></span> 
     </span>
    </p>
   </div>
   <div class='ocr_carea' id='block_1_4' title="bbox 208 1061 1575 1298">
    <p class='ocr_par' dir='ltr' id='par_1_4' title="bbox 208 1061 1575 1298">
     <span class='ocr_line' id='line_1_4' title="bbox 208 1061 1574 1177; baseline -0.003 -21"><span class='ocrx_word' id='word_1_8' title='bbox 208 1066 452 1156; x_wconf 87' lang='lat' dir='ltr'><strong>Fridericus</strong></span> <span class='ocrx_word' id='word_1_9' title='bbox 482 1067 534 1154; x_wconf 89' lang='lat'><strong>11.</strong></span> <span class='ocrx_word' id='word_1_10' title='bbox 573 1093 652 1150; x_wconf 83' lang='lat' dir='ltr'><strong>rex</strong></span> <span class='ocrx_word' id='word_1_11' title='bbox 684 1061 916 1150; x_wconf 86' lang='lat' dir='ltr'><strong>Chunrado</strong></span> <span class='ocrx_word' id='word_1_12' title='bbox 956 1063 1156 1177; x_wconf 88' lang='lat' dir='ltr'><strong>episcopo</strong></span> <span class='ocrx_word' id='word_1_13' title='bbox 1187 1061 1433 1148; x_wconf 81' lang='lat' dir='ltr'><strong>Brixinensi-</strong></span> <span class='ocrx_word' id='word_1_14' title='bbox 1460 1063 1574 1152; x_wconf 89' lang='lat' dir='ltr'><strong>eius-</strong></span> 
     </span>
     <span class='ocr_line' id='line_1_5' title="bbox 209 1179 1575 1298; baseline -0.001 -30"><span class='ocrx_word' id='word_1_15' title='bbox 209 1213 295 1298; x_wconf 82' lang='lat' dir='ltr'><strong>que</strong></span> <span class='ocrx_word' id='word_1_16' title='bbox 333 1180 649 1271; x_wconf 90' lang='lat' dir='ltr'><strong>successoribus</strong></span> <span class='ocrx_word' id='word_1_17' title='bbox 689 1181 733 1264; x_wconf 95' lang='lat' dir='ltr'><strong>in</strong></span> <span class='ocrx_word' id='word_1_18' title='bbox 772 1182 1019 1296; x_wconf 84' lang='lat' dir='ltr'><strong>episcopatu</strong></span> <span class='ocrx_word' id='word_1_19' title='bbox 1057 1208 1208 1266; x_wconf 86' lang='lat' dir='ltr'><strong>eorum</strong></span> <span class='ocrx_word' id='word_1_20' title='bbox 1248 1179 1575 1292; x_wconf 74' lang='lat' dir='ltr'>argentifodinas</span> 
     </span>
    </p>
   </div>
   <div class='ocr_carea' id='block_1_5' title="bbox 209 1293 1759 1408">
    <p class='ocr_par' dir='ltr' id='par_1_5' title="bbox 209 1293 1759 1408">
     <span class='ocr_line' id='line_1_6' title="bbox 209 1293 1759 1408; baseline -0.008 -21"><span class='ocrx_word' id='word_1_21' title='bbox 209 1299 455 1408; x_wconf 83' lang='lat' dir='ltr'><strong>confirmat,</strong></span> <span class='ocrx_word' id='word_1_22' title='bbox 494 1302 580 1384; x_wconf 86' lang='lat' dir='ltr'><strong>iam</strong></span> <span class='ocrx_word' id='word_1_23' title='bbox 610 1315 812 1406; x_wconf 80' lang='lat' dir='ltr'><strong>apstruo</strong></span> <span class='ocrx_word' id='word_1_24' title='bbox 840 1325 941 1399; x_wconf 76' lang='lat' dir='ltr'><strong>suto,</strong></span> <span class='ocrx_word' id='word_1_25' title='bbox 976 1323 1077 1406; x_wconf 86' lang='lat' dir='ltr'><strong>rege</strong></span> <span class='ocrx_word' id='word_1_26' title='bbox 1104 1293 1324 1408; x_wconf 88' lang='lat' dir='ltr'><strong>Philippo,</strong></span> <span class='ocrx_word' id='word_1_27' title='bbox 1362 1297 1444 1390; x_wconf 84' lang='lat' dir='ltr'><strong>illis</strong></span> <span class='ocrx_word' id='word_1_28' title='bbox 1475 1324 1577 1382; x_wconf 89' lang='lat' dir='ltr'><strong>con·</strong></span> <span class='ocrx_word' id='word_1_29' title='bbox 1682 1319 1688 1330; x_wconf 76' lang='grc'><strong>“</strong></span> <span class='ocrx_word' id='word_1_30' title='bbox 1755 1387 1759 1402; x_wconf 45' lang='grc'><strong><em>,</em></strong></span> 
     </span>
    </p>
   </div>
   <div class='ocr_carea' id='block_1_6' title="bbox 285 1409 1502 1642">
    <p class='ocr_par' dir='ltr' id='par_1_6' title="bbox 285 1409 1502 1642">
     <span class='ocr_line' id='line_1_7' title="bbox 285 1409 1502 1524; baseline 0 -24"><span class='ocrx_word' id='word_1_31' title='bbox 285 1447 450 1520; x_wconf 82' lang='lat' dir='ltr'><strong>cessas,</strong></span> <span class='ocrx_word' id='word_1_32' title='bbox 478 1415 573 1498; x_wconf 85' lang='lat' dir='ltr'><strong>vult</strong></span> <span class='ocrx_word' id='word_1_33' title='bbox 598 1431 740 1495; x_wconf 85' lang='lat' dir='ltr'><strong>tamen</strong></span> <span class='ocrx_word' id='word_1_34' title='bbox 771 1428 813 1492; x_wconf 91' lang='lat' dir='ltr'><strong>et</strong></span> <span class='ocrx_word' id='word_1_35' title='bbox 841 1409 932 1524; x_wconf 90' lang='lat' dir='ltr'><strong>ipse</strong></span> <span class='ocrx_word' id='word_1_36' title='bbox 963 1437 1041 1492; x_wconf 87' lang='lat' dir='ltr'><strong>rex</strong></span> <span class='ocrx_word' id='word_1_37' title='bbox 1069 1409 1113 1492; x_wconf 91' lang='lat' dir='ltr'><strong>in</strong></span> <span class='ocrx_word' id='word_1_38' title='bbox 1139 1411 1417 1523; x_wconf 79' lang='lat' dir='ltr'><strong>proventibus</strong></span> <span class='ocrx_word' id='word_1_39' title='bbox 1447 1412 1502 1500; x_wconf 83' lang='lat' dir='ltr'><strong>ed</strong></span> 
     </span>
     <span class='ocr_line' id='line_1_8' title="bbox 656 1525 1140 1642; baseline 0 -32"><span class='ocrx_word' id='word_1_40' title='bbox 656 1525 847 1611; x_wconf 88' lang='lat' dir='ltr'><strong>medium</strong></span> <span class='ocrx_word' id='word_1_41' title='bbox 875 1527 1140 1642; x_wconf 78' lang='lat' dir='ltr'><strong>participare.</strong></span> 
     </span>
    </p>
   </div>
   <div class='ocr_carea' id='block_1_7' title="bbox 211 1749 1631 1904">
    <p class='ocr_par' dir='ltr' id='par_1_7' title="bbox 211 1749 1631 1904">
     <span class='ocr_line' id='line_1_9' title="bbox 211 1749 1631 1904; baseline 0.001 -28"><span class='ocrx_word' id='word_1_42' title='bbox 211 1749 437 1876; x_wconf 81' lang='lat' dir='ltr'><strong>Fridericus</strong></span> <span class='ocrx_word' id='word_1_43' title='bbox 469 1804 646 1874; x_wconf 85' lang='lat' dir='ltr'><strong>secundus</strong></span> <span class='ocrx_word' id='word_1_44' title='bbox 681 1803 804 1874; x_wconf 85' lang='lat' dir='ltr'><strong>diuina</strong></span> <span class='ocrx_word' id='word_1_45' title='bbox 835 1804 979 1874; x_wconf 80' lang='lat' dir='ltr'><strong>fauente</strong></span> <span class='ocrx_word' id='word_1_46' title='bbox 1006 1806 1203 1875; x_wconf 86' lang='lat' dir='ltr'><strong>Clementia</strong></span> <span class='ocrx_word' id='word_1_47' title='bbox 1229 1807 1581 1878; x_wconf 76' lang='lat' dir='ltr'><strong>Romanorum’llex</strong></span> <span class='ocrx_word' id='word_1_48' title='bbox 1624 1893 1631 1904; x_wconf 32' lang='lat'>¹</span> 
     </span>
    </p>
   </div>
   <div class='ocr_carea' id='block_1_8' title="bbox 214 1920 1582 2309">
    <p class='ocr_par' dir='ltr' id='par_1_8' title="bbox 214 1920 1582 2309">
     <span class='ocr_line' id='line_1_10' title="bbox 214 1920 1579 2013; baseline 0.003 -24"><span class='ocrx_word' id='word_1_49' title='bbox 214 1933 250 1989; x_wconf 86' lang='lat' dir='ltr'><strong>et</strong></span> <span class='ocrx_word' id='word_1_50' title='bbox 275 1941 418 2010; x_wconf 85' lang='lat' dir='ltr'><strong>semper</strong></span> <span class='ocrx_word' id='word_1_51' title='bbox 443 1923 632 2008; x_wconf 80' lang='lat' dir='ltr'><strong>Augustus.</strong></span> <span class='ocrx_word' id='word_1_52' title='bbox 660 1930 696 1988; x_wconf 91' lang='lat' dir='ltr'><strong>et</strong></span> <span class='ocrx_word' id='word_1_53' title='bbox 720 1921 800 1988; x_wconf 81' lang='lat' dir='ltr'><strong>Rex</strong></span> <span class='ocrx_word' id='word_1_54' title='bbox 824 1922 943 1989; x_wconf 90' lang='lat' dir='ltr'><strong>Sicilie</strong></span> <span class='ocrx_word' id='word_1_55' title='bbox 970 1921 1156 1990; x_wconf 87' lang='lat' dir='ltr'><strong>Vniuersis</strong></span> <span class='ocrx_word' id='word_1_56' title='bbox 1181 1920 1347 1990; x_wconf 87' lang='lat' dir='ltr'><strong>fidelibus</strong></span> <span class='ocrx_word' id='word_1_57' title='bbox 1370 1921 1517 2013; x_wconf 88' lang='lat' dir='ltr'><strong>Imperii</strong></span> <span class='ocrx_word' id='word_1_58' title='bbox 1535 1922 1579 1992; x_wconf 87' lang='lat' dir='ltr'><strong>ad</strong></span> 
     </span>
     <span class='ocr_line' id='line_1_11' title="bbox 214 2007 1582 2112; baseline -0.001 -23"><span class='ocrx_word' id='word_1_59' title='bbox 214 2041 305 2112; x_wconf 87' lang='lat' dir='ltr'><strong>quos</strong></span> <span class='ocrx_word' id='word_1_60' title='bbox 330 2020 449 2088; x_wconf 77' lang='lat' dir='ltr'><strong>littere</strong></span> <span class='ocrx_word' id='word_1_61' title='bbox 475 2020 542 2088; x_wconf 88' lang='lat' dir='ltr'><strong>iste</strong></span> <span class='ocrx_word' id='word_1_62' title='bbox 569 2021 814 2108; x_wconf 84' lang='lat' dir='ltr'><strong>peruenerint.</strong></span> <span class='ocrx_word' id='word_1_63' title='bbox 841 2007 994 2108; x_wconf 71' lang='lat' dir='ltr'><strong>gratiam</strong></span> <span class='ocrx_word' id='word_1_64' title='bbox 1021 2043 1122 2088; x_wconf 83' lang='lat' dir='ltr'><strong>susm</strong></span> <span class='ocrx_word' id='word_1_65' title='bbox 1143 2029 1177 2086; x_wconf 87' lang='lat' dir='ltr'><strong>et</strong></span> <span class='ocrx_word' id='word_1_66' title='bbox 1194 2042 1298 2088; x_wconf 91' lang='lat' dir='ltr'><strong>omne</strong></span> <span class='ocrx_word' id='word_1_67' title='bbox 1320 2021 1467 2090; x_wconf 89' lang='lat' dir='ltr'><strong>bonum.</strong></span> <span class='ocrx_word' id='word_1_68' title='bbox 1496 2021 1582 2090; x_wconf 85' lang='lat' dir='ltr'><strong>Cer·</strong></span> 
     </span>
     <span class='ocr_line' id='line_1_12' title="bbox 214 2118 1581 2210; baseline 0.001 -22"><span class='ocrx_word' id='word_1_69' title='bbox 214 2131 291 2189; x_wconf 88' lang='lat' dir='ltr'><strong>tum</strong></span> <span class='ocrx_word' id='word_1_70' title='bbox 326 2129 378 2186; x_wconf 88' lang='lat' dir='ltr'><strong>est</strong></span> <span class='ocrx_word' id='word_1_71' title='bbox 412 2129 449 2186; x_wconf 89' lang='lat' dir='ltr'><strong>et</strong></span> <span class='ocrx_word' id='word_1_72' title='bbox 483 2119 752 2188; x_wconf 87' lang='lat' dir='ltr'><strong>indubitatum.</strong></span> <span class='ocrx_word' id='word_1_73' title='bbox 789 2119 888 2210; x_wconf 89' lang='lat' dir='ltr'><strong>quod</strong></span> <span class='ocrx_word' id='word_1_74' title='bbox 928 2118 1105 2210; x_wconf 87' lang='lat' dir='ltr'><strong>quidquid</strong></span> <span class='ocrx_word' id='word_1_75' title='bbox 1139 2119 1274 2186; x_wconf 84' lang='lat' dir='ltr'><strong>metalli</strong></span> <span class='ocrx_word' id='word_1_76' title='bbox 1307 2119 1344 2184; x_wconf 90' lang='lat' dir='ltr'><strong>in</strong></span> <span class='ocrx_word' id='word_1_77' title='bbox 1379 2121 1581 2189; x_wconf 83' lang='lat' dir='ltr'><strong>uisceribus</strong></span> 
     </span>
     <span class='ocr_line' id='line_1_13' title="bbox 214 2216 1582 2309; baseline 0.001 -23"><span class='ocrx_word' id='word_1_78' title='bbox 214 2231 312 2287; x_wconf 89' lang='lat' dir='ltr'><strong>terre</strong></span> <span class='ocrx_word' id='word_1_79' title='bbox 338 2227 405 2308; x_wconf 84' lang='lat' dir='ltr'><strong>per</strong></span> <span class='ocrx_word' id='word_1_80' title='bbox 436 2227 552 2285; x_wconf 89' lang='lat' dir='ltr'><strong>totum</strong></span> <span class='ocrx_word' id='word_1_81' title='bbox 579 2219 774 2309; x_wconf 83' lang='lat' dir='ltr'><strong>Imperium</strong></span> <span class='ocrx_word' id='word_1_82' title='bbox 800 2221 1002 2286; x_wconf 82' lang='lat' dir='ltr'><strong>Romanum</strong></span> <span class='ocrx_word' id='word_1_83' title='bbox 1036 2219 1244 2308; x_wconf 89' lang='lat' dir='ltr'><strong>repperitur</strong></span> <span class='ocrx_word' id='word_1_84' title='bbox 1275 2220 1500 2308; x_wconf 85' lang='lat' dir='ltr'><strong>(reperitur).</strong></span> <span class='ocrx_word' id='word_1_85' title='bbox 1537 2216 1582 2288; x_wconf 86' lang='lat' dir='ltr'><strong>de</strong></span> 
     </span>
    </p>
   </div>
   <div class='ocr_carea' id='block_1_9' title="bbox 70 2316 1582 2410">
    <p class='ocr_par' dir='ltr' id='par_1_9' title="bbox 70 2316 1582 2410">
     <span class='ocr_line' id='line_1_14' title="bbox 70 2316 1582 2410; baseline 0 -21"><span class='ocrx_word' id='word_1_86' title='bbox 70 2332 73 2338; x_wconf 84' lang='lat'>&#39;</span> <span class='ocrx_word' id='word_1_87' title='bbox 216 2317 464 2409; x_wconf 88' lang='lat' dir='ltr'><strong>antiquissimo</strong></span> <span class='ocrx_word' id='word_1_88' title='bbox 497 2317 576 2385; x_wconf 89' lang='lat' dir='ltr'><strong>iure</strong></span> <span class='ocrx_word' id='word_1_89' title='bbox 607 2318 752 2408; x_wconf 84' lang='lat' dir='ltr'><strong>Imperii</strong></span> <span class='ocrx_word' id='word_1_90' title='bbox 778 2316 865 2388; x_wconf 84' lang='lat' dir='ltr'><strong>fisco</strong></span> <span class='ocrx_word' id='word_1_91' title='bbox 891 2327 1016 2386; x_wconf 87' lang='lat' dir='ltr'><strong>nostro</strong></span> <span class='ocrx_word' id='word_1_92' title='bbox 1043 2318 1171 2386; x_wconf 81' lang='lat' dir='ltr'><strong>ettinet</strong></span> <span class='ocrx_word' id='word_1_93' title='bbox 1197 2326 1232 2385; x_wconf 91' lang='lat' dir='ltr'><strong>et</strong></span> <span class='ocrx_word' id='word_1_94' title='bbox 1256 2319 1410 2388; x_wconf 80' lang='lat' dir='ltr'><strong>Ramere</strong></span> <span class='ocrx_word' id='word_1_95' title='bbox 1435 2319 1582 2410; x_wconf 88' lang='lat' dir='ltr'><strong>Imperi·</strong></span> 
     </span>
    </p>
   </div>
   <div class='ocr_carea' id='block_1_10' title="bbox 215 2416 1585 2711">
    <p class='ocr_par' dir='ltr' id='par_1_10' title="bbox 215 2416 1585 2711">
     <span class='ocr_line' id='line_1_15' title="bbox 216 2416 1584 2508; baseline 0.001 -22"><span class='ocrx_word' id='word_1_96' title='bbox 216 2416 274 2487; x_wconf 89' lang='lat' dir='ltr'><strong>ali.</strong></span> <span class='ocrx_word' id='word_1_97' title='bbox 309 2417 380 2486; x_wconf 90' lang='lat' dir='ltr'><strong>nisi</strong></span> <span class='ocrx_word' id='word_1_98' title='bbox 411 2418 517 2485; x_wconf 82' lang='lat' dir='ltr'><strong>forte.</strong></span> <span class='ocrx_word' id='word_1_99' title='bbox 552 2439 619 2486; x_wconf 88' lang='lat' dir='ltr'><strong>nos</strong></span> <span class='ocrx_word' id='word_1_100' title='bbox 654 2440 699 2484; x_wconf 84' lang='lat' dir='ltr'><strong>ex</strong></span> <span class='ocrx_word' id='word_1_101' title='bbox 729 2416 953 2486; x_wconf 68' lang='lat' dir='ltr'><strong>habundanti</strong></span> <span class='ocrx_word' id='word_1_102' title='bbox 986 2417 1102 2508; x_wconf 77' lang='lat' dir='ltr'><strong>gratia</strong></span> <span class='ocrx_word' id='word_1_103' title='bbox 1128 2428 1263 2486; x_wconf 82' lang='lat' dir='ltr'><strong>nostre.</strong></span> <span class='ocrx_word' id='word_1_104' title='bbox 1290 2419 1397 2487; x_wconf 80' lang='lat' dir='ltr'><strong>elicui</strong></span> <span class='ocrx_word' id='word_1_105' title='bbox 1422 2418 1584 2488; x_wconf 87' lang='lat' dir='ltr'><strong>fidelium</strong></span> 
     </span>
     <span class='ocr_line' id='line_1_16' title="bbox 215 2515 1584 2612; baseline 0.004 -27"><span class='ocrx_word' id='word_1_106' title='bbox 215 2529 425 2588; x_wconf 87' lang='lat' dir='ltr'><strong>nostrornm</strong></span> <span class='ocrx_word' id='word_1_107' title='bbox 462 2515 546 2583; x_wconf 89' lang='lat' dir='ltr'><strong>inde</strong></span> <span class='ocrx_word' id='word_1_108' title='bbox 578 2517 713 2609; x_wconf 75' lang='lat' dir='ltr'><strong>aliquid</strong></span> <span class='ocrx_word' id='word_1_109' title='bbox 748 2517 914 2586; x_wconf 87' lang='lat' dir='ltr'><strong>conferre</strong></span> <span class='ocrx_word' id='word_1_110' title='bbox 948 2519 1113 2586; x_wconf 84' lang='lat' dir='ltr'><strong>uelimus.</strong></span> <span class='ocrx_word' id='word_1_111' title='bbox 1174 2517 1419 2588; x_wconf 78' lang='lat' dir='ltr'><strong>Intelleximus</strong></span> <span class='ocrx_word' id='word_1_112' title='bbox 1451 2519 1584 2612; x_wconf 86' lang='lat' dir='ltr'><strong>itaque.</strong></span> 
     </span>
     <span class='ocr_line' id='line_1_17' title="bbox 216 2614 1585 2711; baseline 0.004 -27"><span class='ocrx_word' id='word_1_113' title='bbox 216 2617 313 2711; x_wconf 90' lang='lat' dir='ltr'><strong>quod</strong></span> <span class='ocrx_word' id='word_1_114' title='bbox 337 2617 374 2684; x_wconf 88' lang='lat' dir='ltr'><strong>in</strong></span> <span class='ocrx_word' id='word_1_115' title='bbox 401 2614 616 2706; x_wconf 87' lang='lat' dir='ltr'><strong>quibusdam</strong></span> <span class='ocrx_word' id='word_1_116' title='bbox 652 2617 816 2706; x_wconf 82' lang='lat' dir='ltr'><strong>pertibus</strong></span> <span class='ocrx_word' id='word_1_117' title='bbox 840 2614 1063 2686; x_wconf 77' lang='lat' dir='ltr'><strong>brixinensis</strong></span> <span class='ocrx_word' id='word_1_118' title='bbox 1088 2617 1339 2708; x_wconf 71' lang='lat' dir='ltr'><strong>Episcopatus.</strong></span> <span class='ocrx_word' id='word_1_119' title='bbox 1374 2618 1585 2709; x_wconf 85' lang='lat' dir='ltr'><strong>repperiun-</strong></span> 
     </span>
    </p>
   </div>
   <div class='ocr_carea' id='block_1_11' title="bbox 217 2715 1586 2898">
    <p class='ocr_par' dir='ltr' id='par_1_11' title="bbox 217 2715 1586 2898">
     <span class='ocr_line' id='line_1_18' title="bbox 217 2715 1583 2805; baseline 0.002 -20"><span class='ocrx_word' id='word_1_120' title='bbox 217 2728 279 2785; x_wconf 86' lang='lat' dir='ltr'><strong>tur</strong></span> <span class='ocrx_word' id='word_1_121' title='bbox 304 2715 568 2802; x_wconf 83' lang='lat' dir='ltr'><strong>(reperiuntur)</strong></span> <span class='ocrx_word' id='word_1_122' title='bbox 595 2715 749 2804; x_wconf 84' lang='lat' dir='ltr'><strong>quedam</strong></span> <span class='ocrx_word' id='word_1_123' title='bbox 776 2717 1053 2802; x_wconf 77' lang='lat' dir='ltr'><strong>argentifodine.</strong></span> <span class='ocrx_word' id='word_1_124' title='bbox 1070 2715 1135 2780; x_wconf 86' lang='lat' dir='ltr'><strong>ubi</strong></span> <span class='ocrx_word' id='word_1_125' title='bbox 1153 2726 1342 2805; x_wconf 75' lang='lat' dir='ltr'><strong>argentum</strong></span> <span class='ocrx_word' id='word_1_126' title='bbox 1362 2716 1437 2782; x_wconf 87' lang='lat' dir='ltr'><strong>fodi</strong></span> <span class='ocrx_word' id='word_1_127' title='bbox 1454 2721 1583 2788; x_wconf 71' lang='lat' dir='ltr'><strong>ualeat.</strong></span> 
     </span>
     <span class='ocr_line' id='line_1_19' title="bbox 218 2811 1586 2898; baseline 0.001 -18"><span class='ocrx_word' id='word_1_128' title='bbox 218 2825 256 2884; x_wconf 90' lang='lat' dir='ltr'><strong>et</strong></span> <span class='ocrx_word' id='word_1_129' title='bbox 281 2813 450 2880; x_wconf 78' lang='lat' dir='ltr'><strong>credetur</strong></span> <span class='ocrx_word' id='word_1_130' title='bbox 474 2811 640 2878; x_wconf 87' lang='lat' dir='ltr'><strong>inueniri.</strong></span> <span class='ocrx_word' id='word_1_131' title='bbox 691 2814 765 2878; x_wconf 87' lang='lat' dir='ltr'><strong>Nos</strong></span> <span class='ocrx_word' id='word_1_132' title='bbox 791 2821 911 2877; x_wconf 90' lang='lat' dir='ltr'><strong>autern</strong></span> <span class='ocrx_word' id='word_1_133' title='bbox 938 2813 982 2878; x_wconf 90' lang='lat' dir='ltr'><strong>de</strong></span> <span class='ocrx_word' id='word_1_134' title='bbox 1008 2821 1178 2880; x_wconf 84' lang='lat' dir='ltr'><strong>consuete</strong></span> <span class='ocrx_word' id='word_1_135' title='bbox 1193 2815 1306 2898; x_wconf 81' lang='lat' dir='ltr'><strong>regali</strong></span> <span class='ocrx_word' id='word_1_136' title='bbox 1327 2813 1586 2886; x_wconf 80' lang='lat' dir='ltr'><strong>beniuolentia.</strong></span> 
     </span>
    </p>
   </div>
   <div class='ocr_carea' id='block_1_12' title="bbox 158 2906 1588 3796">
    <p class='ocr_par' dir='ltr' id='par_1_12' title="bbox 158 2906 1588 3796">
     <span class='ocr_line' id='line_1_20' title="bbox 218 2906 1587 3000; baseline -0.004 -17"><span class='ocrx_word' id='word_1_137' title='bbox 218 2910 441 2988; x_wconf 85' lang='lat' dir='ltr'><strong>attendentes</strong></span> <span class='ocrx_word' id='word_1_138' title='bbox 469 2909 596 2975; x_wconf 87' lang='lat' dir='ltr'><strong>merite</strong></span> <span class='ocrx_word' id='word_1_139' title='bbox 623 2907 706 2976; x_wconf 87' lang='lat' dir='ltr'><strong>lidei</strong></span> <span class='ocrx_word' id='word_1_140' title='bbox 732 2928 773 2974; x_wconf 86' lang='lat' dir='ltr'><strong>ec</strong></span> <span class='ocrx_word' id='word_1_141' title='bbox 792 2907 945 2996; x_wconf 84' lang='lat' dir='ltr'><strong>probate</strong></span> <span class='ocrx_word' id='word_1_142' title='bbox 962 2906 1166 2974; x_wconf 87' lang='lat' dir='ltr'><strong>deuotionis</strong></span> <span class='ocrx_word' id='word_1_143' title='bbox 1181 2929 1252 2998; x_wconf 87' lang='lat' dir='ltr'><strong>qua</strong></span> <span class='ocrx_word' id='word_1_144' title='bbox 1268 2929 1306 2974; x_wconf 90' lang='lat' dir='ltr'><strong>se</strong></span> <span class='ocrx_word' id='word_1_145' title='bbox 1320 2907 1471 2978; x_wconf 82' lang='lat' dir='ltr'><strong>dilectus</strong></span> <span class='ocrx_word' id='word_1_146' title='bbox 1487 2911 1587 3000; x_wconf 88' lang='lat' dir='ltr'><strong>prin·</strong></span> 
     </span>
     <span class='ocr_line' id='line_1_21' title="bbox 218 3004 1587 3104; baseline -0.001 -24"><span class='ocrx_word' id='word_1_147' title='bbox 218 3030 303 3104; x_wconf 85' lang='lat' dir='ltr'><strong>ceps</strong></span> <span class='ocrx_word' id='word_1_148' title='bbox 337 3019 374 3079; x_wconf 90' lang='lat' dir='ltr'><strong>et</strong></span> <span class='ocrx_word' id='word_1_149' title='bbox 408 3007 526 3076; x_wconf 84' lang='lat' dir='ltr'><strong>fidelis</strong></span> <span class='ocrx_word' id='word_1_150' title='bbox 559 3018 682 3076; x_wconf 89' lang='lat' dir='ltr'><strong>noster</strong></span> <span class='ocrx_word' id='word_1_151' title='bbox 708 3005 930 3074; x_wconf 82' lang='lat' dir='ltr'><strong>chunradus.</strong></span> <span class='ocrx_word' id='word_1_152' title='bbox 957 3004 1159 3096; x_wconf 85' lang='lat' dir='ltr'><strong>Episcopus</strong></span> <span class='ocrx_word' id='word_1_153' title='bbox 1185 3005 1420 3075; x_wconf 83' lang='lat' dir='ltr'><strong>Brixinensis.</strong></span> <span class='ocrx_word' id='word_1_154' title='bbox 1455 3009 1587 3084; x_wconf 84' lang='lat' dir='ltr'><strong>inclitis</strong></span> 
     </span>
     <span class='ocr_line' id='line_1_22' title="bbox 218 3103 1587 3200; baseline 0.001 -18"><span class='ocrx_word' id='word_1_155' title='bbox 218 3110 361 3182; x_wconf 88' lang='lat' dir='ltr'><strong>nostris.</strong></span> <span class='ocrx_word' id='word_1_156' title='bbox 389 3107 696 3200; x_wconf 78' lang='lat' dir='ltr'><strong>progenitoribus.</strong></span> <span class='ocrx_word' id='word_1_157' title='bbox 724 3107 798 3176; x_wconf 87' lang='lat' dir='ltr'><strong>suis</strong></span> <span class='ocrx_word' id='word_1_158' title='bbox 823 3117 966 3196; x_wconf 81' lang='lat' dir='ltr'><strong>gratum</strong></span> <span class='ocrx_word' id='word_1_159' title='bbox 992 3103 1148 3174; x_wconf 83' lang='lat' dir='ltr'><strong>reddidit</strong></span> <span class='ocrx_word' id='word_1_160' title='bbox 1164 3115 1206 3174; x_wconf 81' lang='lat' dir='ltr'><strong>et</strong></span> <span class='ocrx_word' id='word_1_161' title='bbox 1232 3116 1421 3198; x_wconf 73' lang='lat' dir='ltr'><strong>acceptum</strong></span> <span class='ocrx_word' id='word_1_162' title='bbox 1450 3120 1587 3200; x_wconf 88' lang='lat' dir='ltr'><strong>tempo·</strong></span> 
     </span>
     <span class='ocr_line' id='line_1_23' title="bbox 219 3204 1587 3303; baseline 0.001 -23"><span class='ocrx_word' id='word_1_163' title='bbox 219 3211 335 3280; x_wconf 89' lang='lat' dir='ltr'><strong>ribus.</strong></span> <span class='ocrx_word' id='word_1_164' title='bbox 360 3219 733 3300; x_wconf 83' lang='lat' dir='ltr'><strong>recognoscentesque</strong></span> <span class='ocrx_word' id='word_1_165' title='bbox 758 3207 955 3284; x_wconf 76' lang='lat' dir='ltr'><strong>honestetis</strong></span> <span class='ocrx_word' id='word_1_166' title='bbox 978 3227 1043 3275; x_wconf 89' lang='lat' dir='ltr'><strong>sue</strong></span> <span class='ocrx_word' id='word_1_167' title='bbox 1068 3204 1314 3296; x_wconf 77' lang='lat' dir='ltr'><strong>integritatem</strong></span> <span class='ocrx_word' id='word_1_168' title='bbox 1341 3217 1377 3276; x_wconf 91' lang='lat' dir='ltr'><strong>et</strong></span> <span class='ocrx_word' id='word_1_169' title='bbox 1412 3209 1587 3303; x_wconf 80' lang='lat' dir='ltr'><strong>obsequia</strong></span> 
     </span>
     <span class='ocr_line' id='line_1_24' title="bbox 219 3302 1586 3401; baseline 0 -20"><span class='ocrx_word' id='word_1_170' title='bbox 219 3302 398 3381; x_wconf 71' lang='lat' dir='ltr'><strong>maiestati</strong></span> <span class='ocrx_word' id='word_1_171' title='bbox 430 3316 552 3374; x_wconf 87' lang='lat' dir='ltr'><strong>nostre</strong></span> <span class='ocrx_word' id='word_1_172' title='bbox 584 3307 680 3375; x_wconf 86' lang='lat' dir='ltr'><strong>fideli</strong></span> <span class='ocrx_word' id='word_1_173' title='bbox 715 3304 837 3374; x_wconf 83' lang='lat' dir='ltr'><strong>studio</strong></span> <span class='ocrx_word' id='word_1_174' title='bbox 868 3305 914 3374; x_wconf 88' lang='lat' dir='ltr'><strong>ab</strong></span> <span class='ocrx_word' id='word_1_175' title='bbox 948 3305 1028 3396; x_wconf 91' lang='lat' dir='ltr'><strong>ipso</strong></span> <span class='ocrx_word' id='word_1_176' title='bbox 1054 3303 1223 3374; x_wconf 84' lang='lat' dir='ltr'><strong>exhibita.</strong></span> <span class='ocrx_word' id='word_1_177' title='bbox 1249 3306 1480 3380; x_wconf 80' lang='lat' dir='ltr'><strong>concedimus</strong></span> <span class='ocrx_word' id='word_1_178' title='bbox 1500 3309 1586 3401; x_wconf 86' lang='lat' dir='ltr'><strong>ipsi.</strong></span> 
     </span>
     <span class='ocr_line' id='line_1_25' title="bbox 164 3405 1588 3500; baseline 0.001 -21"><span class='ocrx_word' id='word_1_179' title='bbox 164 3409 170 3418; x_wconf 86' lang='lat'>&#39;</span> <span class='ocrx_word' id='word_1_180' title='bbox 221 3413 262 3481; x_wconf 85' lang='lat' dir='ltr'><strong>C.</strong></span> <span class='ocrx_word' id='word_1_181' title='bbox 295 3407 467 3500; x_wconf 88' lang='lat' dir='ltr'><strong>episcopo</strong></span> <span class='ocrx_word' id='word_1_182' title='bbox 500 3415 536 3472; x_wconf 90' lang='lat' dir='ltr'><strong>et</strong></span> <span class='ocrx_word' id='word_1_183' title='bbox 569 3405 836 3485; x_wconf 83' lang='lat' dir='ltr'><strong>successoribus</strong></span> <span class='ocrx_word' id='word_1_184' title='bbox 873 3405 960 3473; x_wconf 86' lang='lat' dir='ltr'><strong>suis.</strong></span> <span class='ocrx_word' id='word_1_185' title='bbox 992 3415 1034 3474; x_wconf 90' lang='lat' dir='ltr'><strong>ut</strong></span> <span class='ocrx_word' id='word_1_186' title='bbox 1072 3405 1223 3494; x_wconf 72' lang='lat' dir='ltr'><strong>ipsead</strong></span> <span class='ocrx_word' id='word_1_187' title='bbox 1248 3427 1349 3474; x_wconf 83' lang='lat' dir='ltr'><strong>suam</strong></span> <span class='ocrx_word' id='word_1_188' title='bbox 1376 3417 1411 3474; x_wconf 87' lang='lat' dir='ltr'><strong>et</strong></span> <span class='ocrx_word' id='word_1_189' title='bbox 1437 3411 1588 3485; x_wconf 74' lang='lat' dir='ltr'><strong>ecclesie</strong></span> 
     </span>
     <span class='ocr_line' id='line_1_26' title="bbox 222 3499 1588 3594; baseline -0.007 -14"><span class='ocrx_word' id='word_1_190' title='bbox 222 3531 287 3580; x_wconf 90' lang='lat' dir='ltr'><strong>sue</strong></span> <span class='ocrx_word' id='word_1_191' title='bbox 318 3505 513 3576; x_wconf 72' lang='lat' dir='ltr'><strong>utilitatem</strong></span> <span class='ocrx_word' id='word_1_192' title='bbox 542 3499 678 3574; x_wconf 81' lang='lat' dir='ltr'><strong>inillis</strong></span> <span class='ocrx_word' id='word_1_193' title='bbox 704 3503 992 3594; x_wconf 79' lang='lat' dir='ltr'><strong>argentifodinis.</strong></span> <span class='ocrx_word' id='word_1_194' title='bbox 1020 3512 1211 3592; x_wconf 80' lang='lat' dir='ltr'><strong>argentum</strong></span> <span class='ocrx_word' id='word_1_195' title='bbox 1235 3505 1311 3577; x_wconf 84' lang='lat' dir='ltr'><strong>fodi</strong></span> <span class='ocrx_word' id='word_1_196' title='bbox 1337 3505 1444 3574; x_wconf 84' lang='lat' dir='ltr'><strong>feeiat</strong></span> <span class='ocrx_word' id='word_1_197' title='bbox 1468 3520 1504 3578; x_wconf 88' lang='lat' dir='ltr'><strong>et</strong></span> <span class='ocrx_word' id='word_1_198' title='bbox 1530 3533 1588 3584; x_wconf 80' lang='lat' dir='ltr'><strong>ex.</strong></span> 
     </span>
     <span class='ocr_line' id='line_1_27' title="bbox 219 3603 1588 3702; baseline 0.004 -26"><span class='ocrx_word' id='word_1_199' title='bbox 219 3607 331 3702; x_wconf 80' lang='lat' dir='ltr'><strong>quiri.</strong></span> <span class='ocrx_word' id='word_1_200' title='bbox 362 3603 563 3674; x_wconf 81' lang='lat' dir='ltr'><strong>secundum</strong></span> <span class='ocrx_word' id='word_1_201' title='bbox 598 3604 868 3674; x_wconf 86' lang='lat' dir='ltr'><strong>concessionem</strong></span> <span class='ocrx_word' id='word_1_202' title='bbox 901 3603 971 3694; x_wconf 87' lang='lat' dir='ltr'><strong>ipsi</strong></span> <span class='ocrx_word' id='word_1_203' title='bbox 1003 3605 1184 3694; x_wconf 86' lang='lat' dir='ltr'><strong>episcopo.</strong></span> <span class='ocrx_word' id='word_1_204' title='bbox 1218 3627 1240 3674; x_wconf 84' lang='lat' dir='ltr'><strong>a</strong></span> <span class='ocrx_word' id='word_1_205' title='bbox 1272 3605 1388 3676; x_wconf 78' lang='lat' dir='ltr'><strong>felicis</strong></span> <span class='ocrx_word' id='word_1_206' title='bbox 1414 3613 1588 3684; x_wconf 79' lang='lat' dir='ltr'><strong>memorie</strong></span> 
     </span>
     <span class='ocr_line' id='line_1_28' title="bbox 158 3703 1588 3796; baseline 0.002 -18"><span class='ocrx_word' id='word_1_207' title='bbox 158 3761 161 3766; x_wconf 68' lang='lat'><em>,</em></span> <span class='ocrx_word' id='word_1_208' title='bbox 224 3707 299 3777; x_wconf 84' lang='lat' dir='ltr'><strong>diui</strong></span> <span class='ocrx_word' id='word_1_209' title='bbox 324 3705 442 3796; x_wconf 88' lang='lat' dir='ltr'><strong>patrui</strong></span> <span class='ocrx_word' id='word_1_210' title='bbox 469 3703 584 3773; x_wconf 86' lang='lat' dir='ltr'><strong>nostri</strong></span> <span class='ocrx_word' id='word_1_211' title='bbox 600 3705 709 3794; x_wconf 81' lang='lat' dir='ltr'><strong>Regis</strong></span> <span class='ocrx_word' id='word_1_212' title='bbox 721 3703 878 3794; x_wconf 84' lang='lat' dir='ltr'><strong>Philippi</strong></span> <span class='ocrx_word' id='word_1_213' title='bbox 902 3703 1155 3772; x_wconf 70' lang='lat' dir='ltr'><strong>liberalitatem</strong></span> <span class='ocrx_word' id='word_1_214' title='bbox 1183 3704 1430 3788; x_wconf 75' lang='lat' dir='ltr'><strong>(liberalitate)</strong></span> <span class='ocrx_word' id='word_1_215' title='bbox 1445 3705 1588 3780; x_wconf 83' lang='lat' dir='ltr'><strong>factam.</strong></span> 
     </span>
    </p>
   </div>
   <div class='ocr_carea' id='block_1_13' title="bbox 78 3801 1590 3901">
    <p class='ocr_par' dir='ltr' id='par_1_13' title="bbox 78 3801 1590 3901">
     <span class='ocr_line' id='line_1_29' title="bbox 78 3801 1590 3901; baseline -0.009 -22"><span class='ocrx_word' id='word_1_216' title='bbox 78 3855 88 3868; x_wconf 82' lang='lat'><em>-</em></span> <span class='ocrx_word' id='word_1_217' title='bbox 224 3815 331 3901; x_wconf 84' lang='lat' dir='ltr'><strong>quam</strong></span> <span class='ocrx_word' id='word_1_218' title='bbox 347 3803 467 3872; x_wconf 87' lang='lat' dir='ltr'><strong>&#39;etiarn</strong></span> <span class='ocrx_word' id='word_1_219' title='bbox 491 3824 558 3872; x_wconf 90' lang='lat' dir='ltr'><strong>nos</strong></span> <span class='ocrx_word' id='word_1_220' title='bbox 583 3801 684 3894; x_wconf 82' lang='lat' dir='ltr'><strong>regia</strong></span> <span class='ocrx_word' id='word_1_221' title='bbox 709 3801 1212 3884; x_wconf 80' lang='lat' dir='ltr'><strong>confirmemus&#39;auctoritate.</strong></span> <span class='ocrx_word' id='word_1_222' title='bbox 1258 3805 1524 3876; x_wconf 83' lang='lat' dir='ltr'><strong>Damus&#39;etiam</strong></span> <span class='ocrx_word' id='word_1_223' title='bbox 1548 3811 1590 3878; x_wconf 83' lang='lat' dir='ltr'><strong>li.</strong></span> 
     </span>
    </p>
   </div>
   <div class='ocr_carea' id='block_1_14' title="bbox 225 3901 1590 4096">
    <p class='ocr_par' dir='ltr' id='par_1_14' title="bbox 225 3901 1590 4096">
     <span class='ocr_line' id='line_1_30' title="bbox 225 3901 1590 3993; baseline -0.001 -18"><span class='ocrx_word' id='word_1_224' title='bbox 225 3905 380 3976; x_wconf 84' lang='lat' dir='ltr'><strong>centiam</strong></span> <span class='ocrx_word' id='word_1_225' title='bbox 413 3911 450 3972; x_wconf 90' lang='lat' dir='ltr'><strong>et</strong></span> <span class='ocrx_word' id='word_1_226' title='bbox 481 3905 734 3973; x_wconf 72' lang='lat' dir='ltr'><strong>auctoritatem</strong></span> <span class='ocrx_word' id='word_1_227' title='bbox 767 3903 919 3993; x_wconf 65' lang='lat' dir='ltr'><strong>prelato.</strong></span> <span class='ocrx_word' id='word_1_228' title='bbox 959 3902 998 3970; x_wconf 82' lang='lat' dir='ltr'><strong>G.</strong></span> <span class='ocrx_word' id='word_1_229' title='bbox 1031 3901 1232 3970; x_wconf 82' lang='lat' dir='ltr'><strong>brixinensi</strong></span> <span class='ocrx_word' id='word_1_230' title='bbox 1257 3904 1428 3993; x_wconf 87' lang='lat' dir='ltr'><strong>episcopo</strong></span> <span class='ocrx_word' id='word_1_231' title='bbox 1454 3913 1491 3972; x_wconf 86' lang='lat' dir='ltr'><strong>et</strong></span> <span class='ocrx_word' id='word_1_232' title='bbox 1515 3907 1590 3974; x_wconf 79' lang='lat' dir='ltr'><strong>suis</strong></span> 
     </span>
     <span class='ocr_line' id='line_1_31' title="bbox 226 3997 1589 4096; baseline -0.006 -18"><span class='ocrx_word' id='word_1_233' title='bbox 226 4003 505 4078; x_wconf 83' lang='lat' dir='ltr'><strong>successoribus.</strong></span> <span class='ocrx_word' id='word_1_234' title='bbox 529 4013 567 4074; x_wconf 87' lang='lat' dir='ltr'><strong>rt</strong></span> <span class='ocrx_word' id='word_1_235' title='bbox 587 4003 662 4096; x_wconf 85' lang='lat' dir='ltr'><strong>ipsi</strong></span> <span class='ocrx_word' id='word_1_236' title='bbox 684 4003 903 4095; x_wconf 85' lang='lat' dir='ltr'><strong>ubicumque</strong></span> <span class='ocrx_word' id='word_1_237' title='bbox 928 3997 967 4072; x_wconf 89' lang='lat' dir='ltr'><strong>in</strong></span> <span class='ocrx_word' id='word_1_238' title='bbox 992 4001 1294 4094; x_wconf 79' lang='lat' dir='ltr'><strong>episcopatuum</strong></span> <span class='ocrx_word' id='word_1_239' title='bbox 1329 4007 1517 4090; x_wconf 79' lang='lat' dir='ltr'><strong>argentum</strong></span> <span class='ocrx_word' id='word_1_240' title='bbox 1550 3997 1589 4070; x_wconf 78' lang='lat' dir='ltr'><strong>in</strong></span> 
     </span>
    </p>
   </div>
   <div class='ocr_carea' id='block_1_15' title="bbox 0 0 1961 4718">
    <p class='ocr_par' dir='ltr' id='par_1_15' title="bbox 0 0 1961 4718">
     <span class='ocr_line' id='line_1_32' title="bbox 0 0 1961 4718; baseline 0 0"><span class='ocrx_word' id='word_1_241' title='bbox 0 0 1961 4718; x_wconf 95' lang='lat' dir='ltr'><strong> </strong></span> 
     </span>
    </p>
   </div>
  </div>
 </body>
</html>
