3746 4720
531 379 534 384 ·
656 320 948 414 anthentica.
1408 335 1488 422 ³21

250 566 341 650 qnod.
358 574 405 630 set
430 558 583 627 scribenti
607 559 785 638 sinistrum,
811 559 970 646 appendat
994 581 1035 626 ex
1053 573 1221 650 segmento
1240 560 1491 646 membranaceo,
1596 643 1601 660 x

248 667 287 729 ab
312 664 382 748 ipsa
406 661 533 736 charus
558 681 615 724 ora
639 673 782 728 extrema
809 682 909 746 usque
934 663 974 726 ad
998 661 1105 726 locum
1132 659 1334 744 appensionis
1358 680 1489 735 resecto,

190 817 217 899 l)
243 818 373 881 Annum
401 835 466 878 non
493 833 677 896 expressum
704 815 837 880 indictio
864 817 1072 904 domonstrat.

144 923 148 932 ’
192 977 217 1050 s)
239 971 375 1036 neem
401 971 436 1034 a
462 968 543 1033 ntea
568 966 643 1034 ns.
670 967 747 1051 dipl.
773 969 894 1036 merso.
921 971 948 1036 1.
967 926 1048 1066 ns.
1074 989 1166 1034 nee.
1188 965 1260 1038 no

497 1320 547 1418 Ἀ
637 1329 978 1488 ocuxovr.

372 1566 465 1628 Anno
495 1519 591 1632 trad.
645 1576 698 1630 to.
724 1564 874 1634 lllartio.¹
900 1561 994 1645 <opud
1018 1563 1236 1650 Hagenouwt·

129 1753 414 1862 Wilhelmus,
443 1785 547 1858 rex,
578 1771 727 1873 paoem
757 1756 1021 1874 generalem,
1052 1753 1107 1842 ad
1136 1755 1386 1871 deponenda
1421 1759 1487 1842 in-

128 1893 319 1958 consueta
352 1894 394 1958 et
421 1876 573 1961 iniusta
604 1875 800 1961 thelonea
839 1901 969 1988 super
998 1875 1193 1977 Renum,
1230 1874 1486 1988 aprincipi-

122 1985 196 2072 hus
223 2005 264 2074 et
293 1991 558 2098 solemnibus
586 1991 743 2078 nuntiis
776 1993 992 2078 civitatum
1028 1989 1139 2074 infra
1166 1989 1396 2095 Basileam,
1443 1993 1486 2076 in

125 2133 191 2190 sus
220 2110 459 2220 praesentia
486 2121 622 2224 nuper
652 2108 767 2310 efud
796 2107 1089 2197 Wormat'iam
1120 2107 1407 2218 conjuratam:
1438 2124 1487 2193 ut

126 2221 292 2332 quilibet
326 2215 521 2337 princeps
552 2225 620 2310 vel
651 2225 757 2310 aius
790 2220 1083 2334 cuiuscunque
1114 2221 1364 2308 conditionis
1382 2253 1485 2308 con·

122 2357 250 2426 tentus
280 2361 452 2426 maneat
478 2345 572 2427 iure
603 2343 801 2452 proprio;
838 2340 1085 2428 auctoritate
1121 2339 1250 2455 regali
1280 2341 1486 2452 approbat

125 2474 161 2538 et
196 2457 360 2544 statuit:
410 2477 457 2543 ut
499 2461 612 2547 cives
652 2479 694 2547 et
733 2459 826 2564 alii,
867 2459 942 2572 qui
973 2457 1086 2567 pacis
1119 2456 1294 2542 foedere
1326 2460 1483 2546 astricti

123 2593 231 2679 sunt,
278 2573 471 2684 'deposita
508 2575 647 2687 primo
685 2575 860 2689 querela
900 2602 1044 2658 eoram
1081 2603 1128 2658 se
1167 2573 1235 2659 vel
1266 2575 1484 2662 iustitiario

187 2719 287 2798 suo,
322 2715 497 2802 assensu
527 2715 606 2778 suo
637 2710 679 2776 et
708 2691 857 2775 favore
884 2707 1031 2772 contra
1059 2689 1311 2775 violatorem
1344 2709 1409 2772 te-

550 2807 782 2894 merarium
810 2803 1054 2918 procedant.

124 2970 400 3122 Wilthslmuts
425 3039 481 3110 dei
508 3040 626 3133 gratia
651 3041 898 3114 Romanorum
928 3059 994 3127 rex
1025 3055 1169 3130 semper
1193 3037 1374 3130 Augustus
1399 3033 1496 3126 vet-¹

120 3149 224 3220 versis
250 3155 351 3222 Sacri
379 3155 522 3246 imperij
549 3156 715 3228 fidelibus
741 3166 946 3246 presentem
972 3155 1140 3246 paginam
1167 3153 1383 3246 inspecturis
1402 3175 1483 3243 gra·

102 3245 197 3341 1tiam
223 3271 325 3323 suam
352 3264 388 3323 et
413 3256 693 3326 omnebonum.
745 3258 835 3324 Cum
862 3255 1075 3347 disponente
1101 3251 1223 3321 diuina
1242 3252 1484 3344 gratissimus
1575 3271 1587 3302 ¹

117 3343 158 3412 ad
181 3350 321 3442 apicem
334 3354 447 3448 Regis
465 3353 650 3444 dignitatis
676 3355 850 3445 assumpti
877 3363 914 3422 et
939 3352 1147 3443 temporalis
1173 3352 1284 3442 glodij
1304 3351 1484 3444 occeperi-

118 3465 190 3516 mus
216 3451 286 3520 deo
311 3453 416 3521 nobis
442 3455 609 3546 propicio
634 3463 848 3545 potestatem
875 3451 970 3520 illius
997 3451 1112 3522 aciem
1137 3449 1401 3534 sio,extendere
1420 3471 1483 3520 uo·
1513 3449 1521 3460 '

120 3541 228 3618 lumus
255 3562 292 3619 ot
317 3551 624 3646 debemus.‚quod
651 3562 864 3623 cunctorum
888 3553 967 3620 iura
992 3573 1059 3644 per
1084 3559 1244 3620 nostram
1269 3549 1485 3622 sollieitudi-

119 3663 195 3712 nem
219 3649 363 3720 illibata
388 3663 580 3722 comentur
605 3655 839 3723 cohercentes
865 3653 978 3719 malos
1002 3649 1194 3720 seueritate
1209 3649 1330 3720 debita
1351 3660 1385 3718 et
1402 3671 1484 3717 con·

120 3738 221 3833 digna
247 3747 365 3820 bonos
391 3763 510 3820 antem
537 3765 665 3822 contra
691 3750 943 3820 insultationes
969 3751 1146 3818 malornm
1171 3749 1209 3816 in
1244 3771 1323 3820 sua·
1341 3747 1483 3818 iusticia

120 3844 357 3918 contonantes.
409 3851 502 3921 Sana
528 3872 609 3919 oum
636 3849 680 3918 ad
707 3849 918 3940 deponenda
944 3848 1154 3918 inconsueta
1178 3856 1214 3915 et
1245 3848 1376 3916 iniusta
1410 3849 1484 3915 the,

118 3937 208 4012 lonia
241 3967 352 4042 super
384 3972 512 4020 renum
547 3949 669 4018 diuina
702 3949 920 4039 suffragante
947 3948 1142 4015 clemencia
1168 3947 1386 4035 generaliter
1410 3968 1482 4035 pax

115 4037 169 4124 pie
194 4057 368 4138 concepta
392 4049 502 4120 suerit
527 4059 564 4118 et
591 4049 820 4140 postmodum
846 4068 868 4116 a
891 4045 1107 4140 quibusdam
1140 4067 1185 4114 ex
1217 4046 1350 4116 nostris
1383 4045 1480 4135 pria·

49 4161 51 4166 '
164 4163 228 4209 Hos.
242 4165 379 4229 delavat-
397 4171 462 4220 ΠΧ.
481 4184 523 4217 m
539 4170 686 4218 mustuosis
703 4184 777 4218 uss·
793 4171 837 4216 ΙΙΙ.
902 4203 913 4212 ,
1223 4155 1270 4224 ltl
