3772 4722
384 303 493 410 '236
795 311 1041 431 Diplomata
1069 302 1383 424 Imperatorum

405 559 463 619 tus
483 549 534 619 'in
566 559 692 620 ιιοιιιι
724 549 906 639 presentia
933 547 1050 618 fidelis
1071 557 1203 618 noster
1226 546 1405 618 Rueetfur
1429 544 1534 617 miles
1559 546 1606 620 da
1629 549 1781 624 heven-

407 648 496 720 rode
528 645 651 720 villam
686 671 757 742 que
790 649 925 718 dieitur
956 649 1140 718 ltelmiaze
1175 670 1283 741 quam
1306 647 1402 718 idem
1427 669 1449 716 a
1473 645 1617 720 nobis-⁰
1605 673 1643 720 ιιι
1668 630 1780 722 fendo
1880 721 1881 740 p

404 747 633 846 possidebat,
663 751 701 820 in
735 769 861 818 manus
886 759 1029 822 nostras
1056 771 1138 817 cum
1163 750 1261 818 omni
1286 749 1369 818 iure
1393 755 1429 819 et
1452 748 1529 818 auis
1551 750 1780 840 pertinentiis

403 849 615 942 resignarit.
640 851 847 942 supplicans
874 845 1049 919 maiestati
1075 860 1220 936 nostre,
1258 858 1298 916 ut
1332 848 1417 941 quia
1448 845 1566 921 dietus
1591 851 1695 921 miles
1723 875 1779 922 ea·

404 949 487 1019 dem
510 953 607 1024 bona
631 943 845 1021 uendiderat
871 949 1011 1020 dilectis
1035 950 1142 1019 nohis
1169 951 1349 1020 walthero
1377 949 1585 1018 honorabili
1602 947 1726 1023 abbati
1744 963 1780 1024 et

403 1049 600 1121 concentui
625 1051 668 1121 de
694 1053 938 1142 halaprunnen
966 1072 1032 1142 pro
1059 1051 1289 1142 septuaginta
1306 1049 1411 1120 hhrrs
1425 1051 1598 1140 legalium
1614 1051 1785 1122 Nueren·

400 1151 644 1242 bergensium.
673 1152 791 1221 eidem
816 1151 1018 1220 uenditioni
1044 1172 1226 1219 assensum
1254 1150 1465 1218 beniuolum
1492 1151 1681 1246 porrigere
1701 1153 1777 1246 dig-

401 1253 582 1322 naremur.
633 1252 710 1322 Nos
735 1253 858 1344 itaque
885 1251 1153 1320 considerantes
1179 1250 1460 1340 hospitalitatem
1485 1251 1573 1320 dieti
1597 1251 1776 1322 Menante-

400 1352 447 1419 rii
473 1375 544 1444 qua
570 1353 683 1443 pollet
708 1353 891 1422 continue.
918 1352 1143 1420 attendentes
1169 1351 1278 1419 etiam
1296 1351 1428 1420 deuota
1446 1371 1573 1420 eorum
1589 1351 1777 1446 obsequia,

401 1475 473 1550 que
500 1450 607 1526 nobis
634 1464 671 1524 et
695 1454 829 1526 nostris
856 1450 1031 1523 exhibent
1057 1453 1296 1539 incessanter,
1322 1451 1445 1520 villam
1471 1452 1622 1522 eandem
1644 1452 1682 1521 in
1698 1453 1778 1523 ttet-

262 1553 267 1559 '
401 1554 520 1622 minae
548 1575 630 1622 oum
657 1555 754 1622 omni
779 1552 859 1624 iure
886 1563 922 1626 et
948 1551 1174 1642 pertinentiis
1208 1552 1300 1637 suis,
1338 1551 1514 1644 quibus
1504 1574 1617 1644 ipsam
1653 1553 1776 1623 villam
1881 1589 1884 1638 t

400 1662 614 1743 prenotatur
629 1651 808 1722 liudolfus
834 1653 878 1722 de
894 1651 1120 1751 Lewenrode
1146 1660 1251 1719 antea
1276 1649 1495 1740 possidebat.
1523 1653 1777 1744 prenominato

399 1752 616 1822 Honorabili
640 1753 818 1822 walthero
845 1742 988 1820 abbati
994 1761 1030 1820 et
1054 1750 1250 1821 concentui
1276 1751 1320 1818 de
1336 1753 1604 1840 llalspruunen.
1631 1773 1699 1844 pro
1725 1778 1777 1825 re·

400 1852 523 1920 medio
549 1850 718 1922 diuorum
744 1854 1021 1944 progenitorum
1046 1861 1256 1919 nostrerum
1282 1873 1409 1942 regum
1435 1861 1473 1920 et
1504 1852 1775 1960 imperatorum.
1883 1855 1884 1900 ³

402 1961 438 2020 et
464 1961 587 2021 uestra
613 1954 738 2022 salute.
764 1953 890 2020 damus
916 1961 952 2020 et
979 1950 1237 2021 concedimus
1227 1961 1495 2046 imperpetuum
1511 1931 1776 2042 possidendam.
1882 1993 1885 2060 ἰ

401 2053 609 2122 statuentes
634 2063 676 2121 ιιι
700 2055 799 2122 nulla
824 2074 994 2144 umquam
1011 2072 1167 2142 persona
1185 2051 1329 2120 humilis
1348 2053 1407 2120 uel
1424 2054 1507 2138 alta,
1532 2054 1779 2125 ecclesiastica
1884 2081 1885 2138 s

400 2155 460 2221 uel
485 2152 677 2221 mundana.
704 2153 840 2223 dictum
867 2153 1035 2222 abbatem
1061 2161 1124 2220 aut
1149 2161 1368 2220 conuentum
1395 2153 1439 2221 de
1465 2150 1751 2245 halsprunueu
1741 2181 1776 2225 ιιι

402 2253 539 2322 eisdem
565 2253 672 2323 bonis
697 2255 772 2324 suis
800 2263 985 2344 presumat
1010 2251 1132 2320 ledere
1157 2253 1216 2319 uel
1242 2248 1393 2322 alicuius
1419 2253 1555 2344 ingenii
1576 2259 1776 2346 scruppulo

400 2352 589 2444 impedire.
641 2353 749 2448 Quod
781 2350 844 2445 qui
878 2351 1008 2421 lecerit
1040 2352 1213 2420 offensam
1245 2361 1282 2419 et
1305 2352 1588 2444 indignationem
1616 2367 1777 2426 nostram

400 2474 439 2522 se
464 2454 595 2523 sentiat
619 2451 824 2524 iucurrisse.
850 2462 890 2522 ιι
916 2461 1036 2520 autem
1062 2473 1212 2542 presens
1230 2450 1375 2522 donatio
1391 2453 1507 2522 robur
1522 2455 1682 2545 optineat
1696 2479 1777 2546 per·

398 2563 511 2642 petuo
536 2553 743 2622 ualiturum.
769 2562 976 2643 presentem
1002 2547 1144 2620 literana
1171 2553 1291 2644 sigillo
1316 2563 1441 2624 nostre
1467 2555 1689 2624 celsitudinis
1725 2558 1775 2627 se·

400 2653 515 2724 cimus
540 2652 718 2722 roborari.
769 2655 894 2722 Testes
920 2662 1003 2722 sunt
1028 2653 1090 2722 hii.
1118 2653 1336 2722 venerahilis
1353 2655 1579 2724 Hermannua
1606 2657 1776 2748 herbipo-

397 2753 509 2824 lensis
535 2754 740 2845 episcopus.
789 2751 986 2824 Landolsus
1011 2754 1276 2826 wormatiensis
1302 2756 1449 2824 electus.
1491 2756 1774 2846 'thegenhardus

399 2853 600 2946 Imperialis
633 2858 715 2926 aule
751 2853 1067 2946 prothonotarius,
1105 2853 1297 2922 Heinricus
1322 2854 1487 2924 Marchic
1514 2852 1558 2922 de
1582 2856 1773 2948 burgowe.

397 2952 587 3026 Heinricue
613 2954 658 3024 de
683 2953 812 3024 Nid'en.
865 2952 1074 3026 Cvonredus
1100 2952 1145 3021 de
1162 2957 1323 3022 Durnun.
1375 2955 1584 3046 Swicgerua
1603 2955 1647 3024 de
1673 2957 1772 3029 Gun-

395 3055 603 3145 deluingen.
654 3055 846 3125 Heiurlcus
872 3055 916 3124 de
915 3053 1177 3168 sergestus.
1205 3051 1267 3147 qui
1293 3063 1347 3123 est
1371 3057 1577 3127 salmannus
1609 3056 1771 3130 eiusdem

396 3151 525 3246 predii.
575 3152 791 3222 Ludewicus
817 3153 861 3222 de
888 3149 1089 3242 rirnspere.
1140 3154 1373 3224 Eberhardus
1392 3154 1435 3224 de
1450 3155 1770 3251 Hertingesperge.

260 3309 274 3318 ,
393 3251 701 3321 Erchenbertue
691 3251 813 3320 ιιιιιίοι
838 3252 883 3321 de
907 3249 1197 3345 buoetendorph.
1250 3255 1437 3325 Conradue
1460 3256 1710 3348 butegelarius
1726 3259 1771 3330 de

394 3353 646 3423 Nuoerinberc
672 3361 708 3419 et
732 3351 793 3422 alii
819 3375 927 3445 quam
955 3353 1087 3444 plures.
1139 3345 1283 3424 Datum
1288 3355 1387 3446 apud
1401 3356 1654 3426 Nuces-iubere
1673 3381 1770 3430 anno

393 3453 573 3523 dominice
606 3452 865 3524 incarnationis
902 3455 1212 3524 M⁰CG⁰XXX⁰V0
1272 3456 1400 3526 Tercio
1444 3457 1535 3528 Non.
1579 3449 1768 3530 Februarii

393 3552 592 3624 {edictione
619 3551 766 3623 Oetana.

451 3799 621 3888 e)Sigilli
646 3800 798 3884 appensi,
830 3813 879 3866 ast
903 3800 1015 3879 fracti,
1049 3803 1112 3864 duc
1145 3813 1268 3866 restant
1298 3797 1480 3887 fragmenta
1513 3802 1659 3884 minuta,
1693 3829 1768 3922 que·

512 3921 586 3961 runa
613 3923 716 3964 ιιιιιιιιι
742 3901 799 3963 rix
822 3900 984 3964 levissime
1009 3901 1159 3964 adhaeret
1184 3897 1250 3966 iilis
1277 3899 1388 3964 sericis
1410 3905 1576 3985 purpurei,
1602 3905 1753 3982 rubri,'
1721 3929 1768 3969 va·

507 3999 586 4068 ridie
612 4013 643 4066 et
666 4000 732 4063 albi
758 4001 856 4064 color
829 4022 892 4076 ι·ιι
918 4002 1056 4066 alterum
1083 3986 1253 4086 separatim
1281 4001 1422 4080 adiacet,
1448 4003 1546 4068 simul
1571 4003 1666 4071 sibi
1656 4019 1765 4072 anneta
