3746 4720
649 291 931 434 -Auttnettce
1338 365 1341 374 ⁴
1380 332 1500 438 ,615

133 569 267 674 eripete
292 597 314 648 e
339 592 435 648 nouo
462 569 687 662 fundamine,
724 595 769 644 ex
797 569 961 666 propriis
994 567 1197 665 sumptibus
1222 571 1372 646 ecclesie
1398 559 1495 666 besti

132 677 381 764 Emmerrmmj
410 677 583 769 cepellem
609 695 716 745 ruem
743 675 788 744 ed
813 679 988 744 bonorem
1013 673 1119 744 besle
1144 675 1297 766 uirginis
1323 677 1436 746 merie
1459 688 1496 747 et
1621 673 1625 688 ¹

132 778 227 867 berti
251 776 387 866 Nicolej
414 777 625 868 specialium
651 783 811 843 tutorum
838 786 875 844 et
900 773 1131 843 defensorem
1157 779 1398 846 nostrerum
1389 801 1424 845 sn
1442 800 1498 845 sr-

133 879 240 948 tisulo
266 875 427 948 eiusdem
455 875 679 946 necessitatis
704 884 848 961 nostre,
875 894 983 968 quem
1009 873 1139 944 nmodo
1163 875 1235 944 et
1225 882 1264 944 ιιι
1284 887 1498 970 perpetuum

131 977 265 1068 regium
293 977 465 1068 espellem
491 977 660 1045 uolumus
685 971 874 1066 sppellsri.
925 973 1126 1042 Dotendsm
1146 993 1211 1064 per
1230 995 1292 1046 eos
1308 987 1499 1067 conpeten-

130 1077 221 1146 tibus
246 1077 391 1145 dotibus
417 1099 463 1145 cx
488 1097 639 1167 querum
666 1074 906 1165 prouentibus
932 1073 1066 1142 bebere
1092 1077 1211 1143 usleet
1236 1075 1446 1146 sufficientis
1462 1087 1499 1146 et

131 1197 242 1246 sunus
269 1175 449 1266 stipendio
473 1178 670 1248 monachus
696 1172 864 1244 sacerdos
889 1181 1044 1244 statutus
1069 1173 1115 1242 sd
1140 1177 1210 1243 boo
1236 1195 1301 1264 per
1320 1175 1497 1245 Abbrtem
1626 1187 1630 1208 ¹

131 1285 164 1345 et
188 1287 408 1345 conuentum
434 1273 613 1358 eiusdem,
638 1271 701 1369 qui
727 1272 877 1340 cundem
904 1273 1076 1362 cupellam
1102 1271 1339 1362 gubernabit,
1365 1275 1497 1346 diuinis

130 1383 165 1444 ct
189 1374 370 1444 continuis
395 1371 556 1443 officiis·
545 1396 583 1442 ιιι
608 1383 822 1488 perpetuom
849 1373 1062 1440 memorisrn
1096 1373 1251 1442 nominis
1285 1374 1421 1460 nostri,
1461 1385 1498 1444 et

8 1465 10 1482 ’
128 1473 301 1544 heredum
327 1480 533 1542 nostrorum
561 1471 623 1566 qui
647 1493 715 1586 pro
743 1480 905 1562 tempore
928 1467 1067 1539 fuerint
1091 1470 1135 1539 sd
1161 1473 1322 1563 regimen
1350 1473 1495 1562 imperij

128 1571 322 1660 constituti.
376 1571 570 1640 Censemus
606 1567 716 1640 etiem
749 1591 877 1639 omnes
912 1569 1175 1641 tnteoeettones
1210 1579 1246 1640 et
1281 1570 1498 1644 donaciones

129 1693 246 1742 rernm
283 1669 397 1763 ipsius
430 1669 638 1760 monosterii
673 1691 739 1762 per
770 1670 906 1788 scripte
935 1680 1059 1740 nostre
1084 1691 1240 1762 persons
1264 1671 1370 1761 sliouj
1398 1694 1500 1744 ocoe-

130 1770 225 1842 sione
253 1771 419 1864 predicte
444 1769 611 1857 indultus,
636 1765 759 1840 irrites
784 1769 847 1838 et
836 1791 970 1838 tennes.
1022 1769 1097 1838 Neo
1112 1771 1186 1862 pstj
1203 1771 1381 1858 uolumus,
1402 1771 1500 1864 qnod

130 1871 171 1942 de
196 1869 370 1941 omnibus
394 1870 632 1960 prouentibus
658 1875 694 1939 et
718 1864 896 1939 reditibus
921 1861 1053 1961 prelstj
1086 1869 1296 1962 monesterij
1329 1886 1498 1964 presente
1553 1913 1561 1922 ·
1657 1853 1662 1863 ’
1704 1871 1709 1880 ’
1842 1861 1847 1872 ’

132 1991 262 2063 guerre
294 1971 467 2056 duranto,
505 1970 612 2060 alicuj
647 1987 803 2061 persone
827 1965 898 2037 nisi
924 1967 1070 2062 specile'
1097 1968 1229 2060 rectorj
1256 1977 1293 2040 et
1316 1972 1499 2064 prouisorj

130 2070 189 2164 qul
212 2069 391 2142 fueritin
417 2068 543 2140 eedem
569 2069 719 2142 ecclesis
745 2067 790 2138 ds
815 2065 985 2139 mendeto
1009 2077 1046 2138 et
1069 2067 1253 2141 vuluntate
1278 2069 1394 2160 nostri
1426 2076 1501 2142 eul-

128 2171 231 2240 minis
258 2171 493 2255 constitutus,
513 2189 580 2262 per
604 2171 801 2238 monschos
825 2178 862 2237 et
881 2166 1005 2236 fideles
1030 2189 1204 2258 personne
1229 2169 1408 2239 subiectus
1427 2169 1499 2262 ipsi

128 2269 347 2342 monesterio
381 2269 609 2356 intendetur,
643 2268 688 2338 sd
721 2287 808 2338 usus
833 2275 870 2336 et
894 2265 1087 2338 utilitstem
1111 2267 1261 2341 ecclesis
1286 2281 1498 2342 conuerten-

128 2368 193 2440 dis.
241 2367 348 2440 Etsi
374 2370 517 2470 uliquis
533 2365 764 2440 monachus
752 2367 864 2460 ipsius
891 2367 1042 2437 ecclesie
1066 2389 1130 2438 seu
1154 2369 1275 2462 otique
1311 2369 1383 2440 elie
1414 2394 1495 2464 per·

6 2545 8 2560 ,
126 2487 209 2538 sons
233 2479 311 2540 tem
338 2447 580 2539 ecclesiestioe
605 2489 714 2563 quem
742 2466 921 2536 mundans
945 2477 1076 2537 contre
1100 2469 1263 2561 predicto
1286 2471 1424 2544 omnis
1417 2494 1497 2566 pu·

128 2567 256 2638 blice'
244 2593 285 2640 sn
312 2569 496 2662 presentis
522 2577 648 2640 nostre
670 2576 821 2654 statute,
855 2588 1041 2660 opponere
1066 2591 1105 2642 se
1130 2571 1391 2689 presumpserit
1416 2593 1496 2662 per·

6 2745 10 2752 ,
127 2667 270 2761 ticipsrn
301 2665 431 2764 prefstj
457 2665 666 2738 facinoris*
654 2693 691 2736 sn
720 2689 907 2758 personum
933 2677 1093 2736 nostrem
1119 2669 1330 2760 excogitstj,
1357 2669 1402 2738 eb
1419 2693 1496 2740 om·

127 2767 230 2838 nibus
256 2766 425 2838 fidelibus
451 2767 585 2836 nostris
610 2769 778 2835 uolumus
803 2783 886 2834 eum
905 2765 1042 2856 beberj.
1092 2766 1314 2859 Adquornm
1332 2769 1495 2842 omnium

125 2871 336 2938 mensorium
364 2876 400 2936 et
424 2866 592 2937 stabilem
616 2866 821 2936 firmitstem
847 2885 996 2955 presens
1015 2865 1189 2956 scriptum
1207 2866 1296 2955 fieri,
1322 2867 1494 2958 eteigillo

124 2976 244 3038 nostre
272 2963 529 3038 celsitudinis
518 2965 686 3036 iussimus
707 2963 936 3052 communiri.
986 2965 1117 3033 Delum
1138 2965 1233 3060 epud
1248 2963 1494 3058 Rotisponem,

123 3067 223 3137 Anno
247 3063 516 3136 lnosrneeionis
542 3065 722 3136 dominice
747 3062 962 3149 Millesimo,
995 3063 1240 3162 ducentesimo
1267 3063 1496 3164 Quinquege-

123 3163 210 3238 sino
235 3168 378 3262 primo,
402 3167 528 3238 Mense
553 3165 736 3252 denuerii,
760 3184 859 3235 none
880 3163 1066 3274 indict.

180 3372 214 3450 ct)
242 3365 409 3453 Sigillum,
434 3379 498 3432 lum
523 3367 559 3434 ιιι
586 3369 740 3459 imagine,
766 3387 884 3464 quem
888 3367 924 3432 in
951 3364 1160 3450 inscriptions
1186 3365 1266 3430 circs
1293 3365 1397 3447 illem,
1414 3380 1494 3435 non·

240 3465 330 3532 nibil
352 3467 496 3548 deosum,
522 3471 681 3554 appendet
707 3489 747 3533 ex
772 3467 837 3533 iilis
863 3467 972 3560 sericis
997 3466 1088 3567 rubri
1113 3477 1145 3532 et
1167 3465 1242 3534 desi
1267 3469 1392 3538 coloris·
1449 3503 1453 3522 ι
1482 3471 1486 3483 ’

184 3610 217 3694 ὃ)
244 3611 384 3678 lndictio
407 3615 579 3698 respondet
604 3635 693 3678 seno
717 3613 792 3677 Chr.
817 3611 967 3678 indicsto.

186 3770 214 3848 c)
243 3763 416 3834 Editum'
404 3791 440 3832 ιιι
467 3769 580 3834 Hund
603 3779 736 3850 metrop.
763 3769 791 3831 1.
818 3765 893 3832 edit.
917 3767 1012 3832 Mon.
1036 3777 1112 3850 219
1138 3779 1170 3832 et
1193 3769 1243 3835 ed.
1269 3767 1389 3833 llstisb.
1419 3779 1490 3838 152.

242 3863 361 3930 iterum
386 3865 431 3934 11.
459 3869 533 3934 edit.
559 3869 652 3963 Mon.
678 3865 753 3936 264.
779 3865 900 3930 nrum
937 3879 1011 3935 152.
1041 3868 1077 3929 ιἰιΙ
1104 3857 1212 3956 [linig
1243 3867 1386 3958 spicileg.
1414 3869 1492 3932 eccl.

238 3964 300 4028 111.
326 3963 424 4031 Tbeil
449 3969 546 4034 totins
572 3955 676 4051 operis
701 3977 778 4032 tom.
803 3965 920 4034 xvltl.
946 3964 1021 4040 656.
1046 3969 1099 4079 in
1106 3962 1187 4030 libro
1214 3965 1339 4033 Probet.
1367 3969 1398 4032 S.
1415 3969 1492 4032 Em·

242 4066 382 4130 mersuri
412 4063 495 4140 1,·16.
515 4089 609 4134 ιιιιιιι.
638 4081 689 4152 9.
715 4086 789 4130 cum
814 4065 910 4142 nolu.
998 4123 1002 4138 ,
1075 4111 1096 4144 -,

169 4170 519 4239 nemeseus..
521 4186 757 4234 ιωωιικιιωιι
758 4185 845 4233 usu
987 4193 994 4200 ’
1234 4168 1283 4244 ltt
