3772 4722
670 333 938 470 Authentios.¹
1074 383 1079 394 ·
1410 345 1505 438 Ι2·ἰὸ

142 588 209 646 tarn
236 574 485 650 incestituram
517 571 695 669 regalium
728 596 796 668 per
829 594 955 644 manus
988 567 1149 660 nostres,
1189 573 1407 664 dictantibus
1442 565 1512 649 eas'

141 674 381 768 principibus,
406 677 603 747 baronibus
629 686 664 745 et
689 675 872 744 nobilibus
898 675 960 765 qui
987 675 1135 745 aderant
1150 660 1256 744 'idem
1280 677 1502 768 subscriptas

141 777 291 846 obtinuit
327 778 521 846 sententias
555 797 676 846 coram
709 776 825 844 uobis.
860 775 978 864 primo
1004 772 1170 844 videlieet
1196 775 1292 867 quod
1319 787 1401 864 post
1427 797 1502 846 sus-

141 886 236 970 cepta
264 874 419 967 regalia,
457 876 623 947 uniuersa
655 874 772 944 officia
804 874 1031 965 episcopatus
1058 874 1113 944 sui
1137 874 1212 944 suis
1238 877 1404 946 manibus
1430 878 1504 946 sint

140 977 264 1058 soluta,
291 965 799 1069 exeeptis‘quatuorosffieiis
824 974 1096 1066 principalibus,
1122 995 1194 1066 que
1209 977 1503 1067 consequentiam

139 1084 216 1164 poet
239 1095 278 1144 ee
304 1079 463 1144 trahunt.
513 1077 603 1146 Item
630 1075 729 1167 quod
753 1069 965 1144 durantibus
984 1073 1022 1144 in
1037 1075 1424 1161 excommunicatione,
1437 1096 1503 1148 sua

138 1173 270 1262 possint
304 1175 413 1246 feuda
447 1175 637 1266 denegari,
673 1185 709 1242 et
742 1173 897 1242 detineri
922 1163 1092 1266 legitime.
1121 1172 1265 1266 eoquod
1290 1175 1379 1242 tales
1406 1195 1502 1247 com·

137 1274 302 1342 munione
328 1273 448 1343 debita
473 1273 544 1344 sint
570 1273 714 1365 priuati.
766 1271 825 1340 Ad
851 1275 939 1360 hoe,
975 1295 1056 1344 cum
1088 1273 1169 1364 ipso
1203 1274 1280 1342 iure
1308 1266 1405 1343 nuile
1431 1271 1503 1344 sint

140 1393 257 1441 eorum
286 1376 373 1466 (leg.
399 1373 514 1468 quod)
541 1373 725 1442 uniuersas
753 1373 990 1462 obligationes
1015 1375 1227 1466 pignorum,
1254 1369 1503 1444 concessiones

137 1467 326 1542 feudorum
353 1495 418 1542 sen
442 1495 686 1567 quascumque
711 1467 947 1541 alienationes
973 1471 1153 1542 bonerum
1178 1471 1407 1564 episcopatuo
1436 1475 1503 1544 sui.

135 1570 237 1641 iactas
262 1573 412 1664 Imperii
439 1584 476 1642 st
502 1575 558 1643 sui
585 1571 733 1664 capituli
760 1593 832 1640 non
858 1571 1051 1642 accedente
1073 1592 1249 1642 consensu
1265 1573 1379 1663 possit
1396 1583 1431 1642 et
1447 1573 1503 1644 de·

131 1670 214 1740 'best
238 1672 339 1742 licite
364 1673 410 1742 ad
434 1673 626 1743 utilitatem
651 1671 804 1742 ecclesie
828 1690 1017 1741 reuocare.
1064 1671 1233 1742 Preterea
1249 1673 1503 1744 sententiatum

135 1766 262 1840 exstitit
299 1771 343 1840 ad
374 1769 585 1842 instantiam
615 1770 791 1864 principis
816 1771 1017 1848 memorati.
1071 1771 1175 1868 Quod
1200 1767 1341 1844 ratione
1367 1772 1503 1868 gladio·

135 1891 226 1956 rum,
250 1869 644 1962 spiritualis-videlieet
669 1881 706 1944 et
730 1871 925 1948 materialis
950 1872 1082 1963 quibus
1107 1892 1172 1942 sua
1190 1869 1407 1980 episcopalis
1425 1872 1502 1966 dig·

28 2003 32 2012 ·
133 1972 220 2040 nitas
243 1982 302 2040 eet
327 1971 463 2044 fulcita.
486 1993 553 2044 sex
575 1971 786 2062 septimanis
801 1972 839 2038 in
854 1971 1235 2048 excommunicationis
1249 1975 1307 2042 vel
1323 1973 1502 2063 prescrip-

134 2068 233 2140 tionis
259 2068 1023 2164 (proscriptionesutaento‘pardurantem,
1041 2071 1139 2140 licite
1158 2081 1277 2162 potest
1289 2071 1388 2140 iuxta
1403 2082 1501 2143 tersa

134 2169 447 2260 consuetudinem,
484 2183 608 2242 actore
642 2181 788 2260 petente
819 2172 1021 2258 percellere
1053 2171 1167 2240 altero
1202 2169 1417 2262 gladiorum.
1450 2171 1501 2242 its

134 2269 221 2358 quod
247 2272 554 2342 excommunicati
579 2271 856 2362 proscribentur
879 2265 1201 2360 (prescribantur),
1227 2280 1300 2342 ete
1321 2291 1498 2342 conuerso

131 2366 729 2460 proscripti.excommunicationis
753 2371 930 2448 sententie
962 2369 1194 2440 innodentur.
1257 2369 1311 2438 Ad
1344 2391 1499 2462 quarum

130 2470 635 2546 sentenciamm.merunriam
668 2469 905 2540 retinendam.
938 2479 1155 2561 presentem.
1188 2469 1358 2562 paginam
1387 2468 1499 2561 sigilii

129 2569 235 2638 nostri
258 2571 465 2640 munimine
489 2571 659 2642 duximus
682 2568 937 2639 roborandam.
988 2573 1118 2640 Actum
1134 2570 1230 2662 apud
1251 2569 1499 2662 Nordelingen

132 2685 218 2738 anno
243 2672 378 2761 gratie,
424 2671 555 2740 onnes.
590 2671 848 2740 Ducentesimo
873 2667 1151 2762 Quadrigcsimo
1170 2667 1495 2762 (quadragesimo).

23 2815 25 2820 -
131 2765 248 2838 Messe
270 2771 375 2840 Maii.
424 2770 553 2842 Tercie
577 2767 716 2838 desitne
740 2766 961 2836 indictionis.

187 3002 219 3080 a)
245 2997 399 3085 Sigillum
424 2995 560 3064 badum
588 2995 769 3082 appendere
794 3008 930 3063 testatur
953 2995 1062 3080 copis3
1093 3016 1172 3062 nam
1197 2993 1363 3086 originale
1394 2982 1497 3062 re'ddi·

153 3119 157 3128 ·
213 3111 314 3160 'tucn
341 3110 400 3164 est.

139 3301 144 3312 ·
189 3275 224 3358 i)
243 3275 382 3340 indictio
406 3277 559 3342 convenit
584 3297 771 3342 ermanno
800 3277 874 3344 Cirr.
901 3299 1060 3364 expresse.

24 3541 28 3551 ι
152 3514 156 3526 ,
189 3463 215 3539 e)
239 3459 375 3536 Editum
405 3461 456 3534 in,
474 3432 586 3524 Batou
606 3409 784 3540 Hermam
813 3459 932 3524 Archiv
962 3461 1017 3528 ftis
1044 3459 1321 3528 suddeuuchland
1351 3462 1381 3524 I.
1419 3467 1491 3530 tto.

244 3573 336 3625 uum.
352 3571 395 3632 ,1.
437 3613 441 3629 .
540 3579 559 3594 ’·
