3746 4720
365 309 462 392 '370
615 401 619 410 ⁵
673 409 675 416 y
759 267 1003 411 Diplomete
1032 295 1347 408 Imperatorum

377 546 516 602 eeteros
542 532 676 630 emices
703 543 865 612 nostros,
893 529 985 600 vinis
1013 525 1275 620 potentioribus
1294 530 1552 618 amplexamur.
1579 532 1623 600 si.
1650 533 1742 626 quod

377 637 607 726 ebeitpente
640 631 858 722 solutionem
892 630 986 700 dicte
1022 629 1199 719 pecunie,
1237 628 1414 698 decedere
1447 651 1514 698 nos
1548 631 1742 730 continget

341 787 346 792 .
376 735 606 824 indempnem
633 732 677 800 de
702 729 877 824 predictis
903 730 1069 820 expensis
1094 729 1252 799 fideliter
1277 727 1542 798 conser‘uemus.
1579 735 1744 801 volumus

378 845 412 902 et
439 857 505 924 per
530 834 666 924 scripte
693 831 875 923 presentie
900 840 1154 922 protestamur.
1190 841 1237 898 ut.
1257 829 1420 921 quicquit
1444 851 1511 920 per
1531 832 1587 898 ius
1606 831 1651 900 de
1668 855 1744 922 prc-

376 937 479 1002 dictis
506 934 719 1024 pignoribus
740 931 953 1024 perdiderit.
986 932 1031 998 de
1050 929 1217 998 omnibus
1239 931 1535 1021 proprietetibus.
1567 953 1657 1024 ques
1674 945 1743 1000 tem

373 1037 445 1124 ipsi
472 1057 580 1125 quern
608 1033 712 1100 iretri
738 1056 804 1102 suo
831 1044 914 1123 post
948 1041 1110 1099 nostrum
1145 1031 1295 1098 obitum‘.
1331 1031 1361 1099 ei
1386 1031 1463 1098 sine
1489 1028 1615 1100 liberie
1646 1033 1746 1122 iegit-

375 1135 472 1202 timie
498 1131 768 1202 decesserimus.
804 1131 1006 1223 legeuimus
1033 1141 1069 1198 et
1094 1131 1321 1199 doneuimus.
1350 1130 1394 1198 de
1420 1131 1561 1220 profete
1594 1134 1744 1223 pecunie¹

377 1232 464 1318 sibi,
501 1231 642 1324 pueris,
679 1236 738 1302 vei
776 1233 881 1302 uxori
916 1253 992 1300 sue.
1031 1253 1105 1300 non
1142 1231 1306 1299 obstante
1346 1230 1507 1321 predicte
1543 1228 1745 1306 concione.

375 1335 665 1424 recompensetio
701 1336 809 1424 plene
848 1334 918 1400 fiet.
960 1340 1152 1423 entequem
1190 1332 1287 1399 inter
1323 1329 1505 1420 predictos
1541 1335 1745 1402 Auunculos

375 1447 538 1518 nostros,
564 1433 809 1518 Lodiwicum)
837 1443 873 1501 et
899 1433 1144 1515 Heinr(icum)
1171 1433 1291 1523 elique
1315 1431 1485 1520 diuisio„
1504 1431 1549 1498 de
1574 1433 1745 1523 predictis
1824 1503 1829 1512 ,

376 1530 660 1625 proprietetibue
685 1537 869 1603 heheetur.
922 1533 974 1601 Ad
1000 1533 1105 1600 huius
1131 1533 1269 1631 itaque·
1280 1534 1333 1599 rei
1359 1532 1570 1601 memoriam
1596 1544 1633 1602 et
1660 1535 1746 1602 obii·

295 1621 310 1718 J
374 1636 531 1724 getionie
559 1633 720 1723 predicte
746 1633 991 1724 pienissimem
1017 1632 1233 1702 firmitatem.
1270 1653 1416 1720 presens
1452 1627 1628 1723 scripturn
1665 1634 1745 1702 inde
1783 1645 1802 1678 ·'

277 1749 283 1763 '
376 1735 454 1801 fieri
476 1731 653 1803 'lecimus-
686 1733 803 1825 sigilio
838 1742 962 1800 nostre
996 1729 1218 1800 celsitudinis
1252 1733 1522 1800 communitum.
1559 1756 1642 1800 cum
1668 1735 1762 1802 σιὼ.

323 1893 338 1912 ,
376 1831 508 1903 notetis
536 1833 698 1903 testibus.
734 1834 916 1924 quisunt.
953 1829 1160 1900 Feidericus
1188 1833 1261 1899 dux
1286 1833 1429 1900 Austris
1456 1835 1665 1902 Auunculus
1689 1855 1747 1901 no

376 1943 459 2000 ster.
512 1935 679 2002 tilbertus
704 1933 913 2024 prepositus
937 1923 1262 2000 iinmuenstrensis.
1317 1933 1485 2000 Aibertue
1502 1934 1743 2003 Livzmennus

375 2034 579 2104 Fridericus
608 2035 652 2102 de
678 2032 911 2102 Hvernheim.
963 2031 1174 2100 Chonredus
1203 2031 1363 2120 Chropio
1383 2031 1428 2099 de
1451 2033 1641 2124 Fivegiing
1659 2057 1746 2102 mer·

376 2138 512 2203 eoeicus
536 2145 672 2203 noster.
700 2134 914 2217 ‚Heinrious
942 2133 1169 2201 Comererius
1195 2131 1239 2202 de
1266 2131 1426 2221 Prising‚
1464 2134 1620 2224 predicti
1645 2133 1747 2202 Audi·

375 2245 473 2303 toree
500 2236 679 2312 retionum
706 2245 921 2303 nostrerum.
983 2232 1194 2301 Cironredus
1228 2228 1389 2300 noterius
1422 2233 1523 2302 curie
1555 2244 1682 2304 nostre
1705 2257 1745 2302 ec

376 2336 435 2424 eiij
463 2357 570 2425 wem
597 2337 730 2426 piures.
780 2337 909 2402 Actum
943 2343 980 2402 et
1011 2335 1144 2401 Detum
1177 2335 1320 2414 Verone
1356 2335 1609 2425 eput,(epud)
1646 2335 1747 2404 Sene

377 2445 451 2501 turn
479 2437 673 2503 Zenonem.
725 2438 827 2504 Auno
853 2431 992 2502 domini
1017 2433 1211 2502 Miliesimo
1238 2432 1486 2504 ducentesimo
1517 2436 1745 2526 Sexegesimo
1870 2479 1872 2526 :

377 2535 540 2624 septimo.
591 2534 741 2603 Decimo
765 2533 926 2623 Jenuerij
955 2532 1142 2603 vndecime
1168 2532 1391 2602 indictionis.

439 2799 470 2872 a)
498 2791 650 2879 Sigillum
676 2777 711 2854 in
737 2811 792 2853 ors
817 2789 976 2874 superiori
1009 2792 1151 2866 ieesum,
1182 2791 1316 2881 integre
1344 2804 1452 2854 tomen
1489 2793 1574 2880 regis
1606 2791 1745 2880 imegine

500 2905 531 2955 et
555 2894 642 2956 suive
669 2893 759 2960 omni
786 2889 852 2954 iere
885 2892 1111 2974 inscriptione,
1146 2893 1304 2972 appendet
1338 2913 1378 2954 ex
1409 2890 1474 2956 dlis
1510 2892 1622 2954 scricis
1658 2894 1744 2956 rubri
1870 2879 1871 2940 ἒ

499 2991 622 3054 coloris.

439 3171 468 3252 d)
496 3170 630 3234 indictio
657 3172 835 3247 ordinarie,
872 3193 957 3233 enno
984 3183 1093 3234 nostro
1132 3167 1214 3239 1268
1250 3174 1419 3250 convenit,
1456 3193 1552 3258 quem
1590 3175 1745 3238 nimirum
1867 3139 1870 3168 U

499 3282 577 3332 tuuc
601 3271 735 3352 scriptor
769 3271 866 3340 huius
899 3271 1082 3352 dipiometis
1119 3293 1208 3334 more
1240 3274 1394 3354 italorum
1428 3275 1561 3337 demum
1595 3297 1671 3339 cum
1697 3287 1745 3344 2⁵.
1868 3307 1870 3374 p

499 3371 613 3433 Martii
637 3367 808 3432 inchoavit.
860 3371 957 3433 Hunc
980 3371 1086 3434 solum
1121 3393 1242 3434 annum
1276 3376 1401 3456 primus
1437 3376 1593 3439 adventus
1631 3377 1745 3439 Conse·
1868 3379 1870 3450 j

500 3469 569 3530 dini
602 3473 745 3532 Verouee
777 3471 929 3547 admittit,
967 3471 1020 3554 qui
1055 3473 1182 3534 demum
1219 3483 1273 3538 20.
1314 3475 1423 3537 Octob.
1465 3474 1563 3540 1267.
1592 3475 1742 3562 ¹contigit

388 3650 407 3692 J
500 3567 587 3631 Cnir.
615 3573 756 3632 Reumer
781 3569 1024 3634 Hoheusteufen
1051 3573 1103 3632 tv,
1133 3567 1205 3638 576.

448 3757 474 3830 e)
501 3751 629 3813 Editum
657 3751 691 3812 in
717 3751 947 3815 Aettenlrirofer
973 3753 1010 3816 K.
1039 3753 1151 3820 Gesch·
1182 3764 1236 3820 ror
1258 3763 1397 3820 -183,
1424 3767 1454 3817 et
1480 3756 1515 3817 in
1541 3757 1630 3838 Lory
1649 3755 1744 3820 neele
1868 3781 1869 3830 3

499 3851 569 3912 rein
602 3863 654 3916 il.
684 3873 773 3912 uum.
807 3863 856 3916 ¹4.
985 3889 989 3897 ·

439 4013 472 4093 d)
500 4017 695 4081 Desumturn
723 4035 763 4078 ex
788 4015 916 4078 erchivo
942 4017 1057 4080 domus
1084 4017 1189 4106 regies
1214 4019 1394 4082 Berenices.
