3870 4718
779 306 1024 424 Diplomata
1049 306 1362 422 Imperatorum

650 887 756 946 sano
788 857 889 960 satta
934 831 1191 968 22.;Dsesmbr..
1232 881 1471 970 apud'Egram.
1566 920 1570 935 ·

386 1063 712 1156 Fridericusll.
742 1091 844 1167 rex,
875 1056 1139 1168 considerato
1167 1061 1397 1175 praecipue
1429 1051 1687 1152 commodo
1675 1099 1752 1156 1m-

384 1183 515 1298 perii,
554 1179 638 1266 tale
676 1207 776 1265 cum
818 1177 1017 1294 episcopo
1046 1193 1089 1260 et
1119 1175 1295 1265 ecclesia
1296 1181 1618 1302 Ratisponensi
1649 1215 1753 1272 con-

385 1300 601 1392 cambium
629 1298 732 1402 init,
772 1315 821 1382 ut
858 1295 1085 1410 episcopus
1121 1294 1301 1409 imperio
1334 1295 1511 1386 donaret
1541 1302 1752 1393 civitatem

383 1415 713 1546 Noerdeliugen
730 1433 774 1498 et
798 1412 941 1498 villam
971 1411 1165 1526 Omgov
1176 1437 1282 1497 cum
1306 1419 1605 1550 praepositura
1624 1417 1752 1506 huius

382 1534 466 1620 loci
478 1599 491 1640 ‚
533 1559 825 1618 econverso
821 1548 976 1616 autem
1017 1559 1043 1615 a
1082 1555 1184 1644 rege
1211 1529 1298 1615 duo
1329 1534 1583 1620 monasteria
1611 1535 1753 1624 Ratis·

383 1659 537 1766 ponae,
567 1649 761 1736 inferius
771 1659 820 1732 et
848 1646 1060 1783 superius,
1085 1648 1316 1762 reciperet·
1345 1679 1444 1735 cum
1479 1653 1753 1766 proprietate,

387 1768 607 1856 advocatia
629 1787 680 1852 ct
708 1764 934 1852 attinentiis
965 1791 1141 1874 eorum3
1189 1765 1306 1878 quod
1337 1765 1496 1853 factum
1529 1786 1613 1874 est,
1654 1801 1752 1857 cum

301 1895 313 1906 ““
443 1883 625 2000 utrique
645 1884 903 1971 monasterio
934 1880 1169 1968 abbatissae
1200 1881 1356 1972 electae
1379 1885 1528 1996 selum
1563 1833 1694 1976 niodo

939 2018 1254 2115 praeessent.

387 2223 646 2320 (cmtsmonm'
685 2167 751 2304 In.
777 2235 935 2303 nomine.
964 2245 1098 2307 sancte.
1125 2249 1170 2306 et.
1197 2237 1390 2306 indiuiduo.
1409 2237 1603 2308 Trinitatis.
1623 2235 1751 2308 Amen.

385 2351 609 2422 Fredericus.
636 2349 825 2419 secundus.
853 2350 930 2420 Dei.
958 2350 1095 2420 Gratia.¹
1121 2354 1209 2422 Rex.
1237 2355 1492 2421 Romanorum.
1530 2361 1574 2420 et.
1613 2353 1754 2444 Sycilie.

321 2469 324 2476 ’
387 2474 540 2543 semper.
567 2457 760 2540 Augustus.
782 2448 968 2518 Omnibus.
988 2451 1130 2520 Christi.
1146 2453 1322 2520 fidelibus.
1339 2452 1389 2518 in.
1409 2461 1634 2541 perpetuum.
1661 2447 1753 2520 Cum

272 2569 275 2576 ’
387 2575 432 2622 ex
465 2551 591 2619 debito
624 2550 820 2620 maiestatis
853 2560 977 2619 nostre
1003 2552 1102 2642 regie
1129 2551 1278 2620 dilectos
1304 2551 1426 2620 fideles
1452 2563 1595 2620 nostros
1621 2552 1754 2640 princi·

386 2673 462 2744 pes.
487 2647 743 2721 beniuolentia.
771 2649 1073 2746 quemadmodum
1096 2651 1167 2741 ipsi
1194 2671 1260 2723 nos
1283 2650 1464 2718 fidelitate.
1490 2647 1550 2740 pie
1572 2650 1753 2741 respicere

384 2762 583 2822 teneamur.
611 2750 761 2839 dIgnum
787 2749 1115 2820 animaduertimus.
1141 2761 1182 2818 ut
1207 2750 1483 2819 rationabilibus
1508 2773 1635 2820 eornm
1664 2751 1755 2841 peti·

386 2852 551 2922 sionibus
577 2873 786 2921 annuamus.
814 2859 850 2918 et
875 2847 1108 2941 profectibus
1135 2852 1290 2920 maxime
1315 2850 1353 2921 in
1380 2851 1504 2920 causis.
1531 2872 1602 2942 que
1629 2849 1755 2918 adho-

387 2975 512 3023 norem
541 2961 576 3018 et
600 2950 805 3040 profectum
831 2950 940 3018 tam
928 2953 1094 3040 imperio.
1122 2973 1231 3042 quam
1257 2953 1343 3040 ipsis
1365 2951 1534 3018 uidentur
1546 2950 1755 3037 petentibus

386 3051 594 3144 prouenirc.
620 3049 746 3138 Igitur.
772 3071 853 3118 cum
879 3051 1030 3119 ecclesia
1046 3050 1318 3138 Ratisponensis
1335 3049 1520 3116 habuisset
1535 3048 1638 3116 uillas
1655 3071 1756 3138 quas-

388 3153 468 3221 dam
496 3149 673 3263 propriae.
699 3149 964 3240 Noerdelingen
992 3159 1026 3218 et
1043 3147 1202 3238 Orngov.
1230 3142 1384 3215 usibus
1374 3146 1518 3234 imperii
1537 3147 1755 3218 commodas

387 3260 423 3318 et
447 3249 641 3338 imperium
667 3249 1072 3340 habuissetllatispone.
1099 3245 1413 3316 doemonasteria.
1437 3244 1587 3314 inferius
1606 3247 1754 3316 scilicet.

388 3359 424 3418 et
450 3349 625 3439 superius.
651 3349 805 3420 claustra
831 3347 1166 3417 sanctimonialium.
1194 3345 1319 3416 usibus
1346 3341 1757 3416 similitsrecclesiells·

388 3445 606 3538 tisponensis
640 3447 839 3516 commoda.
875 3446 1097 3517 considerata
1130 3445 1304 3516 fidelitate
1338 3469 1379 3513 ac
1414 3445 1619 3514 deuotione.
1648 3469 1756 3539 quam

285 3555 290 3566 '
388 3550 541 3618 ecclesia
565 3547 835 3638 Ratisponensis
860 3547 1159 3637 progenitoribus
1187 3547 1320 3616 nostris
1337 3545 1451 3615 felicis
1468 3546 1652 3614 memorie.
1674 3567 1756 3614 auo.

388 3649 493 3740 patri.
520 3670 561 3716 ae
588 3657 715 3738 patruo
742 3655 878 3714 nostro.
906 3646 942 3712 in
968 3646 1122 3738 imperio
1148 3646 1362 3740 frequenter
1387 3641 1559 3714 exhibuit.
1595 3646 1756 3715 conside·

388 3748 475 3818 ratis
502 3769 646 3840 quoque
672 3745 858 3814 laboribus
884 3755 921 3812 ct
947 3747 1121 3834 grauibus
1147 3747 1323 3837 expensis.
1351 3767 1439 3837 quas
1466 3746 1579 3814 electe
1616 3746 1756 3836 predis-

386 3859 506 3918 torum
532 3845 834 3916 monasteriorum
861 3841 1026 3914 secarunt
1051 3850 1223 3918 hactenus
1246 3856 1328 3938 post
1345 3845 1556 3936 imperium.
1585 3866 1653 3935 pro
1675 3846 1755 3914 iure

386 3949 544 4039 ipsarum
572 3941 811 4033 suscipiendo.
841 3944 1067 4015 considerato
1094 3948 1202 4017 etiam
1229 3946 1400 4038 precipue
1429 3944 1618 4014 commodo
1645 3941 1756 4036 impe·

385 4043 431 4116 rii
457 4050 517 4116 cui
542 4056 707 4114 tenemur
728 4042 930 4144 intendere.
957 4045 1109 4124 consilio
1136 4047 1342 4141 principum
1369 4045 1429 4141 qui
1443 4056 1629 4140 presentes
1644 4054 1756 4115 erant.
