3772 4722
391 309 479 400 258
746 351 751 358 ·
787 299 1030 418 Diplomata
1058 296 1371 417 Imperatorum

394 567 477 618 cum
503 560 676 634 personas
703 549 738 609 et
760 538 939 608 Ecclesiae
965 535 1034 606 deo
1060 535 1214 620 dicatas,
1241 534 1287 602 ab
1313 535 1447 606 illicitis
1474 541 1762 618 molestatoribus
1871 547 1872 550 ’

395 654 433 713 et
458 643 697 732 malignorum
722 639 916 710 insultibus
941 658 1013 706 non
1039 637 1221 704 immerito
1246 633 1441 706 defendere
1468 649 1675 730 teneamur,
1716 649 1764 738 ip·
1871 649 1872 670 ³

300 798 306 806 .
396 763 522 814 sorum
552 735 875 830 supplicationibus
911 736 1163 805 fauorabiliter
1194 734 1366 804 inclinati.
1404 739 1589 827 predictos
1625 739 1761 816 iratres.
1871 763 1873 770 ’

394 841 592 912 Ecclesiam
618 849 655 908 st
680 839 803 908 omnia
827 838 923 907 bona
948 857 1093 920 eorum,
1120 856 1190 927 que
1211 835 1512 923 inpresentiarum
1530 842 1624 912 iuste
1641 855 1764 914 tenent
1871 851 1873 928 l

395 954 433 1010 et
456 939 653 1031 possident.
678 939 799 1028 uelin
824 938 988 1006 futurum
1013 935 1109 1004 iusto
1135 935 1382 1024 acquisitionis
1396 937 1502 1008 titulo
1519 951 1692 1031 poterunt
1708 944 1764 1014 ad·

393 1040 519 1131 ipisci,
545 1039 612 1109 sub
638 1039 902 1128 protectionem
927 1045 1089 1105 nostram
1116 1044 1153 1102 st
1171 1035 1317 1126 imperii
1342 1039 1543 1128 recepimus
1559 1044 1757 1132 specialem.
1830 1069 1833 1076 ·
1871 1089 1872 1108 i

392 1140 600 1208 inhibentes
626 1138 779 1208 firmiter
803 1136 998 1222 uniuersis,
1036 1133 1203 1228 quatinus
1237 1135 1357 1202 nullus
1383 1137 1449 1224 sit,
1487 1139 1551 1230 qui
1582 1142 1760 1230 predictos
1869 1151 1873 1238 i

391 1242 543 1326 fratres,
578 1247 641 1308 aut
666 1240 863 1309 Ecclesiam
897 1238 936 1306 iu
969 1234 1076 1304 bonis
1109 1233 1201 1322 suis,
1246 1246 1372 1305 contra
1397 1234 1503 1326 hujus
1530 1244 1760 1330 protectionis
1871 1239 1873 1252 ’

392 1348 516 1410 nostre
541 1337 711 1429 paginam
736 1347 919 1431 presumat
944 1345 1079 1404 temere
1106 1333 1313 1404 molestare.
1358 1335 1472 1430 *Quod
1500 1341 1561 1429 qui
1581 1363 1760 1432 presump·
1871 1361 1872 1410 3

393 1439 501 1526 serit,
525 1447 648 1508 nostre
674 1438 870 1510 maiestatis
896 1435 1067 1506 offensam
1093 1454 1132 1502 se
1158 1435 1303 1503 nouerit
1332 1434 1574 1508 incursurum.
1634 1441 1759 1510 Datum

393 1548 481 1628 aput
505 1537 662 1607 wienam
687 1561 781 1608 anno
809 1535 988 1606 dominice
1012 1527 1271 1610 incarnationis
1302 1534 1352 1600 M.
1385 1535 1640 1610 ducentesimo.
1690 1542 1759 1608 Tri·
1871 1533 1872 1538 ’

394 1635 528 1708 cesima
555 1637 719 1729 septimo.
768 1635 893 1706 Mense
919 1632 1063 1726 Aprilis.
1115 1630 1263 1701 Decime
1287 1631 1506 1707 indictionis.

457 1875 490 1953 c)
517 1869 679 1960 Sigillum,
704 1870 739 1932 in
764 1879 829 1934 tatu
853 1888 908 1933 ors
930 1865 1061 1933 sinistra
1084 1863 1219 1943 lassum,
1244 1866 1401 1950 appendet
1427 1889 1467 1932 ex
1488 1867 1551 1936 filis
1568 1869 1676 1935 scricis
1694 1890 1758 1952 pur·
1867 1895 1873 1926 ·.

518 1970 612 2052 putei
637 1989 672 2034 ac
697 1969 774 2034 flavi
798 1967 921 2034 caloris.

459 2121 489 2204 b)
513 2123 651 2188 Indictis
676 2137 782 2192 notan
807 2124 977 2210 respondet
1002 2142 1088 2187 anno
1114 2131 1289 2186 memorato
1319 2129 1411 2185 12³7.

462 2281 490 2360 c)
515 2279 687 2345 Ineditum.
761 2252 764 2262 ’

958 2589 1197 2700 DCCLI.

667 2828 760 2888 Anno
793 2835 887 2891 rust.
939 2822 1056 2888 Mense
1082 2821 1196 2911 Aprili.
1249 2841 1300 2903 ap.
1328 2820 1494 2883 Vt'iencm.

393 3014 637 3102 Fridericus
666 3017 718 3102 Il.
748 3017 981 3131 imperator
1010 3013 1214 3099 fratribus
1248 3013 1335 3099 Soti
1365 3013 1528 3100 Nicolei
1566 3016 1609 3100 in
1640 3015 1758 3100 Pata·

392 3134 462 3218 via
490 3131 718 3217 inserendo
745 3149 924 3216 renovat
953 3147 1082 3243 atque
1113 3127 1335 3216 confirmat
1363 3131 1602 3226 libertatem
1619 3163 1645 3236 a
1661 3162 1758 3216 veo·
1869 3177 1870 3180 κ

451 3249 666 3362 tigalibus‚
696 3277 721 3332 a
751 3246 860 3333 duco
892 3244 1108 3358 quondam
1136 3248 1332 3336 Austriae
1352 3247 1564 3360 Liupoldo
1595 3279 1704 3336 enno

694 3369 819 3454 1205.
852 3361 1167 3480 sapritius
1199 3393 1455 3451 concessam.

453 3623 490 3699 a)
515 3616 686 3703 Sigillum,
721 3617 757 3682 in
783 3639 837 3684 ora
862 3619 1021 3704 superiori
1045 3637 1082 3682 aa
1106 3615 1256 3684 inferiori
1280 3617 1433 3684 nonnihil
1464 3607 1607 3696 lassum,
1630 3638 1752 3702 ,appan-

513 3717 567 3780 dst
590 3736 632 3781 ax
654 3715 719 3782 iilis
743 3719 853 3784 scricis
878 3719 1034 3802 purpurei
1059 3739 1096 3782 ac
1121 3719 1198 3784 flasi
1224 3720 1351 3794 coloris,

422 3845 424 3852 .
457 3865 487 3948 b)
514 3849 650 3934 indictio
675 3873 845 3954 respondet
868 3893 956 3937 anno
983 3883 1089 3937 notato
1118 3885 1212 3942 123⁷.

459 4027 487 4105 c)
514 4023 645 4090 Edituru
672 4029 708 4094 in
733 4028 842 4096 nunt.
869 4037 964 4095 metr.
987 4027 1029 4090 ll.
1055 4027 1104 4090 ed.
1131 4027 1225 4093 Mon.
1260 4035 1330 4094 560.
1366 4023 1438 4090 edit.
1465 3990 1587 4094 nausi-
1620 4036 1690 4107 stu
1724 4031 1750 4082 st
