3772 4722
281 217 292 256 l

291 327 296 339 ⁸
375 329 462 430 260
651 417 655 426 ,
762 328 1009 444 Diplomata
1036 311 1398 445 Imperatorum·

441 581 474 659 a)
501 548 669 664 Sigillum,
704 571 739 632 iu
766 591 820 632 ora
846 569 954 632 dextra
980 567 1134 633 nonnihil
1158 567 1300 643 laesum,
1335 520 1491 650 appeitdet
1517 589 1558 632 ex
1583 569 1647 638 atis
1675 577 1746 640 serl-

500 677 544 739 ois
570 673 645 738 flavi
670 685 701 736 et
722 670 812 733 rubri
839 669 965 734 coloris.

392 848 397 857 ·
443 827 473 908 b)
502 827 638 890 Indictis
662 837 770 886 notata
796 825 966 907 respondet
990 844 1075 884 anno
1102 822 1176 884 Chr.
1202 821 1350 916 indicato.
1402 820 1608 885 Ratlsbonem
1627 823 1665 887 ab
1688 831 1744 889 Au·

504 929 581 989 stria
607 925 707 988 redux
732 926 792 986 hoo
816 945 901 986 anno
928 922 1110 984 Fridarious
1136 923 1176 982 ΙΙ.
1210 923 1326 1002 pascha
1363 920 1410 980 ibi
1435 921 1626 999 celebrarit,
1666 929 1746 1008 quod

489 1018 537 1086 ‘in
574 1025 656 1088 diam
695 1037 744 1105 to.
770 1025 870 1104 April.
899 1021 1047 1097 cadebat,
1082 1021 1191 1104 ibique
1223 1021 1326 1084 adhuc
1353 1029 1404 1086 28.
1431 1020 1531 1100 April.
1555 1022 1744 1092 morabatur.
1819 1057 1822 1064 ·

379 1185 388 1216 s
502 1123 592 1186 Cufr.
618 1127 760 1186 Raumer
784 1119 1031 1185 Hoheneteufen
1056 1121 1098 1180 11.
1128 1133 1198 1187 stt.
1226 1132 1257 1182 at
1281 1119 1425 1190 laudatos
1450 1119 1496 1182 ibi
1520 1135 1673 1186 auctores.
1765 1114 1772 1128 ’

445 1285 473 1360 o)
500 1280 630 1342 Editum
656 1279 691 1339 in
719 1279 757 1340 da
784 1277 938 1340 Gudenus
966 1273 1042 1337 eod.
1069 1274 1146 1354 dipl.
1173 1275 1199 1338 1.
1227 1285 1302 1341 542.
1329 1295 1361 1334 rt.
1398 1284 1474 1355 2¹0.
1508 1293 1547 1334 ox
1581 1275 1741 1361 autlrogrfl.

501 1380 576 1461 pho.
628 1378 846 1441 Memoratum
872 1379 908 1440 iu
934 1371 1067 1437 Joannis
1094 1373 1163 1434 vot
1189 1375 1214 1436 I.
1241 1393 1349 1436 rerum
1377 1371 1527 1459 Moguut.
1557 1383 1627 1456 598.
1654 1397 1687 1438 n.
1719 1391 1744 1456 9.

916 1717 1209 1828 DCCLlll.

658 1955 751 2015 Anno
783 1961 875 2018 1237.
934 1959 983 2018 18.
1011 1949 1104 2012 Maii.
1156 1951 1241 2034 apud
1268 1915 1479 2036 Giseliugenr

380 2139 624 2231 Fridcricus
655 2143 707 2230 Π.
736 2146 989 2255 imperator,
1018 2143 1268 2258 ingratiam
1301 2115 1488 2256 episcopi
1507 2141 1749 2226 Babenber-
1873 2145 1874 2152 ‘

382 2263 545 2373 gensis,
575 2261 784 2350 iudicibus
818 2262 1025 2346 universis
1052 2257 1286 2362 interdicit,
1315 2289 1370 2342 ne
1402 2257 1602 2362 clericos,
1640 2261 1747 2342 cives

383 2396 438 2472 et
458 2376 750 2464 ministeriales
779 2377 980 2463 ecclesiae
1010 2374 1373 2490 Babenhergensis
1414 2375 1469 2460 ed
1502 2375 1648 2462 forum
1687 2379 1749 2494 ip·
1874 2395 1875 2416 ¹

326 2613 329 2620 Ι
442 2521 612 2601 sorum,
649 2513 796 2582 contra
824 2491 1060 2582 libertatem
1091 2493 1223 2608 ipsius
1256 2491 1478 2598 ecclesiae,
1517 2493 1694 2610 proprio

759 2629 881 2697 motu
910 2607 1171 2726 respondere
1204 2627 1364 2722 cogant.
1399 2651 1407 2659 ·
1463 2687 1470 2700 .

1380 2741 1398 2776 Ι

381 2775 642 2926 Fr(idericus)
670 2843 727 2914 clei
752 2847 871 2938 gratia
895 2845 1139 2932 Romanorum
1167 2841 1367 2934 Imperator
1395 2863 1539 2932 semper
1570 2847 1750 2933 Augustus

381 2951 585 3024 Jerusalem
616 2968 652 3025 et
677 2956 806 3032 Sicilie,
822 2961 900 3028 Rex
931 2961 1109 3028 vuluereis
1135 2957 1322 3026 Judicibus
1356 2955 1430 3026 suis
1466 2979 1533 3045 per
1559 2956 1749 3043 imperium

381 3055 586 3122 constitutis
612 3068 796 3144 presentes
823 3055 962 3126 litteras
987 3052 1203 3146 inspecturis
1229 3051 1398 3122 fidelibus
1423 3058 1506 3124 suis.
1526 3055 1679 3144 gratiam
1699 3077 1751 3122 su·

381 3169 438 3214 am
465 3164 502 3218 et
528 3153 805 3220 omnebonum.
857 3155 1035 3241 Exposuit
1061 3153 1262 3222 celsitudini
1289 3165 1423 3222 nostre.
1452 3153 1669 3222 venerabilis
1690 3154 1751 3220 Ba·

381 3247 641 3338 benbergensis
665 3251 865 3339 Episcopus
890 3253 1042 3320 dilectus
1067 3253 1235 3342 princepe
1261 3264 1394 3320 noster.
1420 3254 1518 3344 quod
1549 3271 1616 3319 uos
1641 3253 1750 3320 Cleri·

383 3367 444 3414 cos
471 3358 508 3415 et
535 3351 650 3418 Ciues.
705 3349 866 3419 Ciuitatis
900 3373 963 3420 sue
993 3374 1133 3422 necnon
1159 3351 1412 3419 Ministeriales
1439 3352 1749 3439 Baboubergeosis

300 3449 304 3454 '
383 3449 545 3515 ecclesie.
572 3449 616 3517 ad
642 3449 761 3516 iorum
786 3461 959 3520 uestrum.
986 3473 1053 3540 pro
1087 3457 1317 3544 quacumque
1351 3471 1468 3518 causa.
1503 3461 1631 3518 contra
1665 3451 1749 3517 anti·

383 3565 491 3634 quam
516 3549 732 3620 libertatem.
761 3549 873 3638 ipslue
899 3549 1060 3620 ecclesie.
1089 3561 1124 3620 et
1157 3561 1283 3618 contra
1314 3549 1503 3618 iusticiam.
1538 3551 1748 3618 auctoritate

381 3647 534 3733 propria
565 3659 759 3716 euocantes
793 3649 901 3738 ipsos.
937 3672 1056 3720 coram
1089 3651 1194 3716 uobis
1229 3649 1450 3738 respondere
1477 3648 1627 3736 cogatis.
1679 3648 1758 3716 Noa
1834 3721 1840 3732 ,

381 3743 496 3832 igitur
520 3767 673 3839 quorum
700 3748 850 3817 interest
875 3769 1022 3820 seruare
1048 3749 1199 3838 singulis
1226 3747 1387 3816 ecclesiis
1422 3769 1487 3816 sua
1518 3745 1609 3814 iura.
1644 3755 1750 3814 atten-

358 3841 507 3920 x(lentes
533 3845 665 3916 deuota
691 3843 845 3938 seruicia
870 3845 956 3914 dicti
982 3848 1158 3948 principis
1184 3847 1308 3914 nostri.
1335 3845 1465 3937 quibus
1490 3845 1667 3914 instanter
1696 3846 1750 3914 de·
1874 3919 1875 3940 ἢ

382 3950 509 4011 uotum
533 3959 572 4014 se
598 3947 753 4015 exhibet.
780 3956 905 4016 nostro
923 3947 1088 4016 Culmioi.
1115 3957 1151 4015 et
1176 3957 1343 4035 paratum
1370 3949 1547 4020 nolenter·
1559 3955 1599 4012 ut
1617 3945 1751 4014 Babra-
1873 3947 1875 3964 ⁴

346 4125 351 4136 Ι
382 4039 571 4132 bergensis
597 4047 749 4120 eeclesia
774 4046 812 4114 in
835 4046 1004 4118 libertate
1031 4068 1097 4116 tua
1123 4055 1319 4136 prematur.
1347 4047 1434 4136 quin
1452 4045 1578 4135 pocius
1593 4065 1661 4134 pro
1680 4037 1750 4114 ritis
1874 4065 1875 4134 j
