<?xml version="1.0" encoding="UTF-8"?>
<!DOCTYPE html PUBLIC "-//W3C//DTD XHTML 1.0 Transitional//EN"
    "http://www.w3.org/TR/xhtml1/DTD/xhtml1-transitional.dtd">
<html xmlns="http://www.w3.org/1999/xhtml" xml:lang="en" lang="en">
 <head>
  <title>
</title>
<meta http-equiv="Content-Type" content="text/html;charset=utf-8" />
  <meta name='ocr-system' content='tesseract 3.04.00' />
  <meta name='ocr-capabilities' content='ocr_page ocr_carea ocr_par ocr_line ocrx_word'/>
</head>
<body>
  <div class='ocr_page' id='page_1' title='image "./monumentaboicae22landgoog_0291.png"; bbox 0 0 3746 4720; ppageno 0'>
   <div class='ocr_carea' id='block_1_1' title="bbox 657 337 1479 442">
    <p class='ocr_par' dir='ltr' id='par_1_1' title="bbox 657 337 1479 442">
     <span class='ocr_line' id='line_1_1' title="bbox 657 337 1479 442; baseline -0.006 -12"><span class='ocrx_word' id='word_1_1' title='bbox 657 337 926 430; x_wconf 84' lang='lat' dir='ltr'><strong>Authentica·</strong></span> <span class='ocrx_word' id='word_1_2' title='bbox 1077 363 1093 379; x_wconf 89' lang='lat'><strong>·</strong></span> <span class='ocrx_word' id='word_1_3' title='bbox 1393 349 1479 442; x_wconf 78' lang='lat'><strong>283</strong></span> 
     </span>
    </p>
   </div>
   <div class='ocr_carea' id='block_1_2' title="bbox 188 577 1483 791">
    <p class='ocr_par' dir='ltr' id='par_1_2' title="bbox 188 577 1483 791">
     <span class='ocr_line' id='line_1_2' title="bbox 188 577 1483 669; baseline 0.002 -20"><span class='ocrx_word' id='word_1_4' title='bbox 188 591 216 669; x_wconf 84' lang='lat' dir='ltr'><strong>e)</strong></span> <span class='ocrx_word' id='word_1_5' title='bbox 241 581 422 662; x_wconf 82' lang='lat' dir='ltr'><strong>ineditum,</strong></span> <span class='ocrx_word' id='word_1_6' title='bbox 449 591 661 648; x_wconf 84' lang='lat' dir='ltr'><strong>memoratum</strong></span> <span class='ocrx_word' id='word_1_7' title='bbox 687 593 793 648; x_wconf 84' lang='lat' dir='ltr'><strong>autem</strong></span> <span class='ocrx_word' id='word_1_8' title='bbox 821 583 839 644; x_wconf 75' lang='lat' dir='ltr'><strong>la</strong></span> <span class='ocrx_word' id='word_1_9' title='bbox 865 583 1008 648; x_wconf 84' lang='lat' dir='ltr'><strong>Baumer</strong></span> <span class='ocrx_word' id='word_1_10' title='bbox 1032 577 1067 643; x_wconf 88' lang='lat' dir='ltr'><strong>in</strong></span> <span class='ocrx_word' id='word_1_11' title='bbox 1094 577 1154 646; x_wconf 79' lang='lat' dir='ltr'><strong>tien</strong></span> <span class='ocrx_word' id='word_1_12' title='bbox 1182 578 1483 652; x_wconf 82' lang='lat' dir='ltr'><strong>llalremtanieall.</strong></span> 
     </span>
     <span class='ocr_line' id='line_1_3' title="bbox 245 680 1375 791; baseline -0.006 -36"><span class='ocrx_word' id='word_1_13' title='bbox 245 693 340 765; x_wconf 62' lang='lat'><strong>588„</strong></span> <span class='ocrx_word' id='word_1_14' title='bbox 366 684 520 750; x_wconf 80' lang='lat' dir='ltr'><strong>niarirum</strong></span> <span class='ocrx_word' id='word_1_15' title='bbox 548 703 590 748; x_wconf 82' lang='lat' dir='ltr'><strong>ex</strong></span> <span class='ocrx_word' id='word_1_16' title='bbox 613 681 712 791; x_wconf 76' lang='lat' dir='ltr'><strong>altero</strong></span> <span class='ocrx_word' id='word_1_17' title='bbox 738 685 953 750; x_wconf 80' lang='lat' dir='ltr'><strong>instrumento</strong></span> <span class='ocrx_word' id='word_1_18' title='bbox 981 680 1180 772; x_wconf 71' lang='lat' dir='ltr'><strong>Smtgardiae</strong></span> <span class='ocrx_word' id='word_1_19' title='bbox 1205 693 1375 749; x_wconf 81' lang='lat' dir='ltr'><strong>asservato.</strong></span> 
     </span>
    </p>
   </div>
   <div class='ocr_carea' id='block_1_3' title="bbox 636 1035 1050 1168">
    <p class='ocr_par' dir='ltr' id='par_1_3' title="bbox 636 1035 1050 1168">
     <span class='ocr_line' id='line_1_4' title="bbox 636 1035 1050 1168; baseline 0.002 -2"><span class='ocrx_word' id='word_1_20' title='bbox 636 1056 987 1168; x_wconf 88' lang='lat' dir='ltr'><strong>DCCLXIX.</strong></span> <span class='ocrx_word' id='word_1_21' title='bbox 1045 1035 1050 1048; x_wconf 46' lang='lat'><strong>¹</strong></span> 
     </span>
    </p>
   </div>
   <div class='ocr_carea' id='block_1_4' title="bbox 469 1287 1130 1358">
    <p class='ocr_par' dir='ltr' id='par_1_4' title="bbox 469 1287 1130 1358">
     <span class='ocr_line' id='line_1_5' title="bbox 469 1287 1130 1358; baseline 0 -4"><span class='ocrx_word' id='word_1_22' title='bbox 469 1293 564 1354; x_wconf 78' lang='lat' dir='ltr'><strong>Anno</strong></span> <span class='ocrx_word' id='word_1_23' title='bbox 595 1299 689 1357; x_wconf 76' lang='lat' dir='ltr'><strong>teta.</strong></span> <span class='ocrx_word' id='word_1_24' title='bbox 745 1299 776 1356; x_wconf 80' lang='lat' dir='ltr'><strong>t·</strong></span> <span class='ocrx_word' id='word_1_25' title='bbox 803 1291 884 1358; x_wconf 85' lang='lat' dir='ltr'><strong>Mei.</strong></span> <span class='ocrx_word' id='word_1_26' title='bbox 935 1287 1130 1356; x_wconf 81' lang='lat' dir='ltr'><strong>Retenbure.</strong></span> 
     </span>
    </p>
   </div>
   <div class='ocr_carea' id='block_1_5' title="bbox 10 1479 1610 2415">
    <p class='ocr_par' dir='ltr' id='par_1_5' title="bbox 10 1479 1610 2184">
     <span class='ocr_line' id='line_1_6' title="bbox 10 1479 1490 1602; baseline -0.004 -25"><span class='ocrx_word' id='word_1_27' title='bbox 10 1503 12 1540; x_wconf 85' lang='lat'><em>³</em></span> <span class='ocrx_word' id='word_1_28' title='bbox 126 1483 342 1578; x_wconf 85' lang='lat' dir='ltr'><strong>Comedus</strong></span> <span class='ocrx_word' id='word_1_29' title='bbox 373 1481 446 1572; x_wconf 87' lang='lat' dir='ltr'><strong>lv.</strong></span> <span class='ocrx_word' id='word_1_30' title='bbox 475 1484 520 1569; x_wconf 91' lang='lat' dir='ltr'><strong>in</strong></span> <span class='ocrx_word' id='word_1_31' title='bbox 548 1511 696 1602; x_wconf 89' lang='lat' dir='ltr'><strong>regem</strong></span> <span class='ocrx_word' id='word_1_32' title='bbox 727 1483 910 1591; x_wconf 87' lang='lat' dir='ltr'><strong>electus,</strong></span> <span class='ocrx_word' id='word_1_33' title='bbox 940 1482 1115 1570; x_wconf 90' lang='lat' dir='ltr'><strong>consilio</strong></span> <span class='ocrx_word' id='word_1_34' title='bbox 1144 1479 1332 1572; x_wconf 89' lang='lat' dir='ltr'><strong>Heinrici</strong></span> <span class='ocrx_word' id='word_1_35' title='bbox 1358 1482 1490 1571; x_wconf 78' lang='lat' dir='ltr'><strong>Lent-</strong></span> 
     </span>
     <span class='ocr_line' id='line_1_7' title="bbox 125 1597 1610 1722; baseline -0.002 -32"><span class='ocrx_word' id='word_1_36' title='bbox 125 1605 250 1722; x_wconf 85' lang='lat' dir='ltr'><strong>grauii</strong></span> <span class='ocrx_word' id='word_1_37' title='bbox 280 1597 569 1718; x_wconf 78' lang='lat' dir='ltr'><strong>Thuringiae,</strong></span> <span class='ocrx_word' id='word_1_38' title='bbox 609 1603 899 1718; x_wconf 84' lang='lat' dir='ltr'><strong>procuratoris</strong></span> <span class='ocrx_word' id='word_1_39' title='bbox 937 1603 1004 1688; x_wconf 89' lang='lat' dir='ltr'><strong>sui</strong></span> <span class='ocrx_word' id='word_1_40' title='bbox 1033 1628 1112 1718; x_wconf 91' lang='lat' dir='ltr'><strong>per</strong></span> <span class='ocrx_word' id='word_1_41' title='bbox 1143 1601 1415 1690; x_wconf 82' lang='lat' dir='ltr'><strong>Germaniam</strong></span> <span class='ocrx_word' id='word_1_42' title='bbox 1448 1621 1490 1688; x_wconf 90' lang='lat' dir='ltr'><strong>et</strong></span> <span class='ocrx_word' id='word_1_43' title='bbox 1606 1620 1610 1633; x_wconf 79' lang='grc'>’</span> 
     </span>
     <span class='ocr_line' id='line_1_8' title="bbox 123 1717 1490 1836; baseline -0.003 -28"><span class='ocrx_word' id='word_1_44' title='bbox 123 1724 313 1829; x_wconf 88' lang='lat' dir='ltr'><strong>aliorum,</strong></span> <span class='ocrx_word' id='word_1_45' title='bbox 345 1718 577 1836; x_wconf 90' lang='lat' dir='ltr'><strong>quemdam</strong></span> <span class='ocrx_word' id='word_1_46' title='bbox 605 1720 803 1834; x_wconf 86' lang='lat' dir='ltr'><strong>iniquum</strong></span> <span class='ocrx_word' id='word_1_47' title='bbox 833 1719 1100 1807; x_wconf 81' lang='lat' dir='ltr'><strong>detentorem</strong></span> <span class='ocrx_word' id='word_1_48' title='bbox 1122 1719 1324 1806; x_wconf 87' lang='lat' dir='ltr'><strong>ecclesiae</strong></span> <span class='ocrx_word' id='word_1_49' title='bbox 1343 1719 1388 1804; x_wconf 94' lang='lat' dir='ltr'><strong>in</strong></span> <span class='ocrx_word' id='word_1_50' title='bbox 1412 1717 1490 1804; x_wconf 91' lang='lat' dir='ltr'><strong>El-</strong></span> 
     </span>
     <span class='ocr_line' id='line_1_9' title="bbox 123 1835 1490 1956; baseline -0.004 -31"><span class='ocrx_word' id='word_1_51' title='bbox 123 1839 275 1956; x_wconf 84' lang='lat' dir='ltr'><strong>liugen,</strong></span> <span class='ocrx_word' id='word_1_52' title='bbox 307 1838 570 1950; x_wconf 85' lang='lat' dir='ltr'><strong>Eystetensis</strong></span> <span class='ocrx_word' id='word_1_53' title='bbox 601 1835 832 1944; x_wconf 71' lang='lat' dir='ltr'><strong>diocessis,</strong></span> <span class='ocrx_word' id='word_1_54' title='bbox 870 1837 923 1924; x_wconf 85' lang='lat' dir='ltr'><strong>ab</strong></span> <span class='ocrx_word' id='word_1_55' title='bbox 955 1835 1332 1924; x_wconf 85' lang='lat' dir='ltr'><strong>amministratione</strong></span> <span class='ocrx_word' id='word_1_56' title='bbox 1358 1835 1490 1950; x_wconf 80' lang='lat' dir='ltr'><strong>ipsius</strong></span> 
     </span>
     <span class='ocr_line' id='line_1_10' title="bbox 125 1953 1491 2071; baseline -0.006 -27"><span class='ocrx_word' id='word_1_57' title='bbox 125 1957 320 2045; x_wconf 85' lang='lat' dir='ltr'><strong>ecelesiae</strong></span> <span class='ocrx_word' id='word_1_58' title='bbox 349 1974 520 2044; x_wconf 83' lang='lat' dir='ltr'><strong>amovet</strong></span> <span class='ocrx_word' id='word_1_59' title='bbox 549 1973 592 2040; x_wconf 89' lang='lat' dir='ltr'><strong>et</strong></span> <span class='ocrx_word' id='word_1_60' title='bbox 620 1953 800 2042; x_wconf 85' lang='lat' dir='ltr'><strong>eandem</strong></span> <span class='ocrx_word' id='word_1_61' title='bbox 830 1953 1034 2042; x_wconf 85' lang='lat' dir='ltr'><strong>fratribus</strong></span> <span class='ocrx_word' id='word_1_62' title='bbox 1063 1953 1281 2071; x_wconf 89' lang='lat' dir='ltr'><strong>hospitalis</strong></span> <span class='ocrx_word' id='word_1_63' title='bbox 1322 1971 1491 2038; x_wconf 87' lang='lat' dir='ltr'><strong>sanctae</strong></span> 
     </span>
     <span class='ocr_line' id='line_1_11' title="bbox 123 2068 1488 2184; baseline -0.007 -21"><span class='ocrx_word' id='word_1_64' title='bbox 123 2075 275 2163; x_wconf 83' lang='lat' dir='ltr'><strong>Mariae</strong></span> <span class='ocrx_word' id='word_1_65' title='bbox 310 2071 464 2160; x_wconf 88' lang='lat' dir='ltr'><strong>domus</strong></span> <span class='ocrx_word' id='word_1_66' title='bbox 497 2070 791 2158; x_wconf 86' lang='lat' dir='ltr'><strong>Theutonioae</strong></span> <span class='ocrx_word' id='word_1_67' title='bbox 821 2072 865 2156; x_wconf 92' lang='lat' dir='ltr'><strong>in</strong></span> <span class='ocrx_word' id='word_1_68' title='bbox 895 2071 1154 2178; x_wconf 79' lang='lat' dir='ltr'><strong>Jerusalem,</strong></span> <span class='ocrx_word' id='word_1_69' title='bbox 1198 2068 1355 2184; x_wconf 88' lang='lat' dir='ltr'><strong>quibus</strong></span> <span class='ocrx_word' id='word_1_70' title='bbox 1387 2069 1488 2155; x_wconf 91' lang='lat' dir='ltr'><strong>olim</strong></span> 
     </span>
    </p>

    <p class='ocr_par' dir='ltr' id='par_1_6' title="bbox 176 2186 1429 2415">
     <span class='ocr_line' id='line_1_12' title="bbox 176 2186 1429 2302; baseline -0.006 -25"><span class='ocrx_word' id='word_1_71' title='bbox 176 2192 253 2278; x_wconf 88' lang='lat' dir='ltr'><strong>sub</strong></span> <span class='ocrx_word' id='word_1_72' title='bbox 283 2189 533 2280; x_wconf 87' lang='lat' dir='ltr'><strong>Hermanno</strong></span> <span class='ocrx_word' id='word_1_73' title='bbox 566 2187 620 2273; x_wconf 91' lang='lat' dir='ltr'><strong>de</strong></span> <span class='ocrx_word' id='word_1_74' title='bbox 651 2187 770 2275; x_wconf 78' lang='lat' dir='ltr'><strong>Salsa</strong></span> <span class='ocrx_word' id='word_1_75' title='bbox 800 2186 1061 2276; x_wconf 88' lang='lat' dir='ltr'><strong>aFriderico</strong></span> <span class='ocrx_word' id='word_1_76' title='bbox 1090 2188 1143 2274; x_wconf 94' lang='grc' dir='ltr'><strong>ΙΙ.</strong></span> <span class='ocrx_word' id='word_1_77' title='bbox 1172 2190 1429 2302; x_wconf 87' lang='lat' dir='ltr'><strong>imperatore</strong></span> 
     </span>
     <span class='ocr_line' id='line_1_13' title="bbox 523 2303 1074 2415; baseline -0.004 -23"><span class='ocrx_word' id='word_1_78' title='bbox 523 2303 677 2394; x_wconf 85' lang='lat' dir='ltr'><strong>donata</strong></span> <span class='ocrx_word' id='word_1_79' title='bbox 705 2324 796 2394; x_wconf 88' lang='lat' dir='ltr'><strong>erat</strong></span> <span class='ocrx_word' id='word_1_80' title='bbox 807 2369 821 2415; x_wconf 92' lang='lat'><strong>,</strong></span> <span class='ocrx_word' id='word_1_81' title='bbox 851 2303 1074 2394; x_wconf 86' lang='lat' dir='ltr'><strong>adiudicat.</strong></span> 
     </span>
    </p>
   </div>
   <div class='ocr_carea' id='block_1_6' title="bbox 10 2497 1630 4166">
    <p class='ocr_par' dir='ltr' id='par_1_7' title="bbox 49 2497 1491 2869">
     <span class='ocr_line' id='line_1_14' title="bbox 126 2497 1491 2658; baseline -0.001 -24"><span class='ocrx_word' id='word_1_82' title='bbox 126 2497 371 2650; x_wconf 60' lang='lat' dir='ltr'><strong>cormedus)</strong></span> <span class='ocrx_word' id='word_1_83' title='bbox 396 2561 474 2635; x_wconf 83' lang='lat' dir='ltr'><strong>‹liui</strong></span> <span class='ocrx_word' id='word_1_84' title='bbox 497 2565 648 2656; x_wconf 72' lang='lat' dir='ltr'><strong>Augusti</strong></span> <span class='ocrx_word' id='word_1_85' title='bbox 673 2565 906 2658; x_wconf 84' lang='lat' dir='ltr'><strong>imperatoris</strong></span> <span class='ocrx_word' id='word_1_86' title='bbox 931 2561 1143 2649; x_wconf 71' lang='lat' dir='ltr'><strong>Fetideriei]</strong></span> <span class='ocrx_word' id='word_1_87' title='bbox 1170 2556 1266 2633; x_wconf 83' lang='lat' dir='ltr'><strong>lilius</strong></span> <span class='ocrx_word' id='word_1_88' title='bbox 1290 2559 1347 2634; x_wconf 85' lang='lat' dir='ltr'><strong>dei</strong></span> <span class='ocrx_word' id='word_1_89' title='bbox 1365 2561 1491 2632; x_wconf 81' lang='lat' dir='ltr'><strong>Gratia</strong></span> 
     </span>
     <span class='ocr_line' id='line_1_15' title="bbox 123 2677 1490 2771; baseline -0.002 -23"><span class='ocrx_word' id='word_1_90' title='bbox 123 2677 364 2750; x_wconf 82' lang='lat' dir='ltr'><strong>Romanorum</strong></span> <span class='ocrx_word' id='word_1_91' title='bbox 389 2678 429 2748; x_wconf 88' lang='lat' dir='ltr'><strong>in</strong></span> <span class='ocrx_word' id='word_1_92' title='bbox 453 2681 591 2771; x_wconf 75' lang='lat' dir='ltr'><strong>Regem</strong></span> <span class='ocrx_word' id='word_1_93' title='bbox 607 2681 773 2766; x_wconf 72' lang='lat' dir='ltr'><strong>Electus,</strong></span> <span class='ocrx_word' id='word_1_94' title='bbox 798 2701 945 2770; x_wconf 85' lang='lat' dir='ltr'><strong>semper</strong></span> <span class='ocrx_word' id='word_1_95' title='bbox 970 2682 1164 2766; x_wconf 75' lang='lat' dir='ltr'><strong>Augustus,</strong></span> <span class='ocrx_word' id='word_1_96' title='bbox 1190 2677 1354 2746; x_wconf 80' lang='lat' dir='ltr'><strong>etlleres</strong></span> <span class='ocrx_word' id='word_1_97' title='bbox 1370 2677 1490 2766; x_wconf 78' lang='lat' dir='ltr'><strong>Regni</strong></span> 
     </span>
     <span class='ocr_line' id='line_1_16' title="bbox 49 2777 1489 2869; baseline -0.003 -21"><span class='ocrx_word' id='word_1_98' title='bbox 49 2826 55 2834; x_wconf 85' lang='lat'>-</span> <span class='ocrx_word' id='word_1_99' title='bbox 123 2777 325 2850; x_wconf 70' lang='lat' dir='ltr'><strong>Jerusalem.</strong></span> <span class='ocrx_word' id='word_1_100' title='bbox 356 2777 537 2848; x_wconf 75' lang='lat' dir='ltr'><strong>uniuersis</strong></span> <span class='ocrx_word' id='word_1_101' title='bbox 561 2779 707 2868; x_wconf 85' lang='lat' dir='ltr'><strong>Imperii</strong></span> <span class='ocrx_word' id='word_1_102' title='bbox 738 2778 906 2849; x_wconf 87' lang='lat' dir='ltr'><strong>fidelibus</strong></span> <span class='ocrx_word' id='word_1_103' title='bbox 939 2777 1222 2869; x_wconf 79' lang='lat' dir='ltr'><strong>imperpetuum.</strong></span> <span class='ocrx_word' id='word_1_104' title='bbox 1282 2777 1489 2844; x_wconf 76' lang='lat' dir='ltr'><strong>Exteriore</strong></span> 
     </span>
    </p>

    <p class='ocr_par' dir='ltr' id='par_1_8' title="bbox 121 2872 1630 4065">
     <span class='ocr_line' id='line_1_17' title="bbox 122 2872 1488 2972; baseline -0.004 -26"><span class='ocrx_word' id='word_1_105' title='bbox 122 2877 394 2972; x_wconf 80' lang='lat' dir='ltr'><strong>Priuilegiorum</strong></span> <span class='ocrx_word' id='word_1_106' title='bbox 420 2879 496 2948; x_wconf 86' lang='lat' dir='ltr'><strong>diui</strong></span> <span class='ocrx_word' id='word_1_107' title='bbox 521 2878 635 2969; x_wconf 86' lang='lat' dir='ltr'><strong>patrie</strong></span> <span class='ocrx_word' id='word_1_108' title='bbox 659 2897 702 2946; x_wconf 87' lang='lat' dir='ltr'><strong>ae</strong></span> <span class='ocrx_word' id='word_1_109' title='bbox 727 2877 864 2946; x_wconf 82' lang='lat' dir='ltr'><strong>domini</strong></span> <span class='ocrx_word' id='word_1_110' title='bbox 888 2877 1004 2945; x_wconf 86' lang='lat' dir='ltr'><strong>nostri</strong></span> <span class='ocrx_word' id='word_1_111' title='bbox 1030 2873 1243 2958; x_wconf 70' lang='lat' dir='ltr'><strong>Frtirleriei)</strong></span> <span class='ocrx_word' id='word_1_112' title='bbox 1260 2872 1488 2942; x_wconf 86' lang='lat' dir='ltr'><strong>Serenissimi</strong></span> 
     </span>
     <span class='ocr_line' id='line_1_18' title="bbox 122 2971 1487 3070; baseline -0.004 -23"><span class='ocrx_word' id='word_1_113' title='bbox 122 2975 639 3070; x_wconf 76' lang='lat' dir='ltr'><strong>Romanorumlmperatoris,</strong></span> <span class='ocrx_word' id='word_1_114' title='bbox 674 2971 820 3067; x_wconf 86' lang='lat' dir='ltr'><strong>semper</strong></span> <span class='ocrx_word' id='word_1_115' title='bbox 844 2975 1017 3068; x_wconf 77' lang='lat' dir='ltr'><strong>Augusti,</strong></span> <span class='ocrx_word' id='word_1_116' title='bbox 1054 2973 1100 3042; x_wconf 84' lang='lat' dir='ltr'><strong>ad</strong></span> <span class='ocrx_word' id='word_1_117' title='bbox 1127 2993 1233 3066; x_wconf 90' lang='lat' dir='ltr'><strong>quem</strong></span> <span class='ocrx_word' id='word_1_118' title='bbox 1259 2972 1317 3042; x_wconf 86' lang='lat' dir='ltr'><strong>lus</strong></span> <span class='ocrx_word' id='word_1_119' title='bbox 1341 2983 1378 3040; x_wconf 85' lang='lat' dir='ltr'><strong>et</strong></span> <span class='ocrx_word' id='word_1_120' title='bbox 1402 2993 1487 3062; x_wconf 90' lang='lat' dir='ltr'><strong>pro·</strong></span> 
     </span>
     <span class='ocr_line' id='line_1_19' title="bbox 123 3071 1490 3170; baseline -0.003 -24"><span class='ocrx_word' id='word_1_121' title='bbox 123 3083 250 3166; x_wconf 84' lang='lat' dir='ltr'><strong>pristas</strong></span> <span class='ocrx_word' id='word_1_122' title='bbox 275 3078 429 3148; x_wconf 80' lang='lat' dir='ltr'><strong>ecclesie</strong></span> <span class='ocrx_word' id='word_1_123' title='bbox 454 3079 490 3146; x_wconf 87' lang='lat' dir='ltr'><strong>in</strong></span> <span class='ocrx_word' id='word_1_124' title='bbox 506 3079 684 3168; x_wconf 78' lang='lat' dir='ltr'><strong>Ellingsn,</strong></span> <span class='ocrx_word' id='word_1_125' title='bbox 709 3077 931 3170; x_wconf 83' lang='lat' dir='ltr'><strong>Eystetensis</strong></span> <span class='ocrx_word' id='word_1_126' title='bbox 954 3073 1155 3167; x_wconf 84' lang='lat' dir='ltr'><strong>dyoeoesis,</strong></span> <span class='ocrx_word' id='word_1_127' title='bbox 1180 3071 1396 3164; x_wconf 73' lang='lat' dir='ltr'><strong>pertinuisse</strong></span> <span class='ocrx_word' id='word_1_128' title='bbox 1415 3093 1490 3142; x_wconf 69' lang='lat' dir='ltr'><strong>eert-</strong></span> 
     </span>
     <span class='ocr_line' id='line_1_20' title="bbox 123 3169 1489 3262; baseline -0.001 -18"><span class='ocrx_word' id='word_1_129' title='bbox 123 3178 251 3247; x_wconf 86' lang='lat' dir='ltr'><strong>tiasime</strong></span> <span class='ocrx_word' id='word_1_130' title='bbox 276 3180 514 3262; x_wconf 87' lang='lat' dir='ltr'><strong>noseebatur,</strong></span> <span class='ocrx_word' id='word_1_131' title='bbox 539 3177 645 3248; x_wconf 85' lang='lat' dir='ltr'><strong>nobis</strong></span> <span class='ocrx_word' id='word_1_132' title='bbox 663 3173 831 3260; x_wconf 66' lang='lat' dir='ltr'><strong>‚constitit</strong></span> <span class='ocrx_word' id='word_1_133' title='bbox 854 3174 1061 3261; x_wconf 81' lang='lat' dir='ltr'><strong>euidenter,</strong></span> <span class='ocrx_word' id='word_1_134' title='bbox 1089 3169 1220 3242; x_wconf 86' lang='lat' dir='ltr'><strong>dietam</strong></span> <span class='ocrx_word' id='word_1_135' title='bbox 1238 3172 1426 3242; x_wconf 85' lang='lat' dir='ltr'><strong>eeclesiam</strong></span> <span class='ocrx_word' id='word_1_136' title='bbox 1443 3195 1489 3244; x_wconf 87' lang='lat' dir='ltr'><strong>ex</strong></span> 
     </span>
     <span class='ocr_line' id='line_1_21' title="bbox 123 3273 1630 3370; baseline -0.003 -25"><span class='ocrx_word' id='word_1_137' title='bbox 123 3278 363 3346; x_wconf 74' lang='lat' dir='ltr'><strong>munificentia</strong></span> <span class='ocrx_word' id='word_1_138' title='bbox 396 3277 509 3369; x_wconf 87' lang='lat' dir='ltr'><strong>ipsius</strong></span> <span class='ocrx_word' id='word_1_139' title='bbox 533 3277 707 3370; x_wconf 76' lang='lat' dir='ltr'><strong>Magistro</strong></span> <span class='ocrx_word' id='word_1_140' title='bbox 733 3279 942 3352; x_wconf 85' lang='lat' dir='ltr'><strong>Hermanno</strong></span> <span class='ocrx_word' id='word_1_141' title='bbox 972 3273 1017 3344; x_wconf 83' lang='lat' dir='ltr'><strong>de</strong></span> <span class='ocrx_word' id='word_1_142' title='bbox 1050 3273 1153 3341; x_wconf 74' lang='lat' dir='ltr'><strong>Salsa</strong></span> <span class='ocrx_word' id='word_1_143' title='bbox 1186 3274 1281 3342; x_wconf 86' lang='lat' dir='ltr'><strong>bone</strong></span> <span class='ocrx_word' id='word_1_144' title='bbox 1314 3274 1489 3342; x_wconf 84' lang='lat' dir='ltr'><strong>memorie</strong></span> <span class='ocrx_word' id='word_1_145' title='bbox 1623 3349 1630 3356; x_wconf 61' lang='grc'><strong>,</strong></span> 
     </span>
     <span class='ocr_line' id='line_1_22' title="bbox 123 3371 1555 3467; baseline -0.003 -22"><span class='ocrx_word' id='word_1_146' title='bbox 123 3385 156 3445; x_wconf 88' lang='lat' dir='ltr'><strong>et</strong></span> <span class='ocrx_word' id='word_1_147' title='bbox 180 3377 305 3450; x_wconf 82' lang='lat' dir='ltr'><strong>domni</strong></span> <span class='ocrx_word' id='word_1_148' title='bbox 330 3397 395 3447; x_wconf 87' lang='lat' dir='ltr'><strong>sue</strong></span> <span class='ocrx_word' id='word_1_149' title='bbox 419 3375 587 3446; x_wconf 85' lang='lat' dir='ltr'><strong>videlieet</strong></span> <span class='ocrx_word' id='word_1_150' title='bbox 612 3375 782 3467; x_wconf 87' lang='lat' dir='ltr'><strong>hospitali</strong></span> <span class='ocrx_word' id='word_1_151' title='bbox 808 3385 930 3445; x_wconf 81' lang='lat' dir='ltr'><strong>saneta</strong></span> <span class='ocrx_word' id='word_1_152' title='bbox 956 3371 1071 3442; x_wconf 87' lang='lat' dir='ltr'><strong>Marie</strong></span> <span class='ocrx_word' id='word_1_153' title='bbox 1097 3371 1229 3441; x_wconf 80' lang='lat' dir='ltr'><strong>(lomus</strong></span> <span class='ocrx_word' id='word_1_154' title='bbox 1244 3373 1488 3441; x_wconf 83' lang='lat' dir='ltr'><strong>Theutonieae</strong></span> <span class='ocrx_word' id='word_1_155' title='bbox 1552 3413 1555 3421; x_wconf 41' lang='grc' dir='ltr'><em>ν</em></span> 
     </span>
     <span class='ocr_line' id='line_1_23' title="bbox 122 3470 1491 3566; baseline -0.003 -24"><span class='ocrx_word' id='word_1_156' title='bbox 122 3474 156 3542; x_wconf 82' lang='lat' dir='ltr'><strong>ir</strong></span> <span class='ocrx_word' id='word_1_157' title='bbox 179 3477 381 3548; x_wconf 83' lang='lat' dir='ltr'><strong>Jerusalem</strong></span> <span class='ocrx_word' id='word_1_158' title='bbox 405 3475 605 3545; x_wconf 86' lang='lat' dir='ltr'><strong>liberaliter</strong></span> <span class='ocrx_word' id='word_1_159' title='bbox 629 3477 740 3566; x_wconf 88' lang='lat' dir='ltr'><strong>pleno</strong></span> <span class='ocrx_word' id='word_1_160' title='bbox 766 3483 801 3543; x_wconf 87' lang='lat' dir='ltr'><strong>et</strong></span> <span class='ocrx_word' id='word_1_161' title='bbox 825 3475 971 3564; x_wconf 82' lang='lat' dir='ltr'><strong>integro</strong></span> <span class='ocrx_word' id='word_1_162' title='bbox 994 3472 1076 3542; x_wconf 87' lang='lat' dir='ltr'><strong>iure</strong></span> <span class='ocrx_word' id='word_1_163' title='bbox 1099 3492 1179 3541; x_wconf 88' lang='lat' dir='ltr'><strong>esse</strong></span> <span class='ocrx_word' id='word_1_164' title='bbox 1205 3470 1376 3540; x_wconf 86' lang='lat' dir='ltr'><strong>donatam</strong></span> <span class='ocrx_word' id='word_1_165' title='bbox 1394 3473 1491 3562; x_wconf 88' lang='lat' dir='ltr'><strong>pari·</strong></span> 
     </span>
     <span class='ocr_line' id='line_1_24' title="bbox 122 3568 1538 3664; baseline -0.001 -22"><span class='ocrx_word' id='word_1_166' title='bbox 122 3583 233 3646; x_wconf 87' lang='lat' dir='ltr'><strong>teret</strong></span> <span class='ocrx_word' id='word_1_167' title='bbox 259 3579 436 3646; x_wconf 76' lang='lat' dir='ltr'><strong>collatam.</strong></span> <span class='ocrx_word' id='word_1_168' title='bbox 494 3576 631 3644; x_wconf 85' lang='lat' dir='ltr'><strong>Verum</strong></span> <span class='ocrx_word' id='word_1_169' title='bbox 665 3571 993 3646; x_wconf 57' lang='lat' dir='ltr'><strong>eummSaeerdos</strong></span> <span class='ocrx_word' id='word_1_170' title='bbox 1020 3571 1139 3640; x_wconf 82' lang='lat' dir='ltr'><strong>dietus</strong></span> <span class='ocrx_word' id='word_1_171' title='bbox 1162 3570 1390 3660; x_wconf 71' lang='lat' dir='ltr'><strong>Propositus,</strong></span> <span class='ocrx_word' id='word_1_172' title='bbox 1425 3568 1489 3664; x_wconf 83' lang='lat' dir='ltr'><strong>qui</strong></span> <span class='ocrx_word' id='word_1_173' title='bbox 1534 3571 1538 3574; x_wconf 79' lang='grc'><strong>’</strong></span> 
     </span>
     <span class='ocr_line' id='line_1_25' title="bbox 123 3669 1489 3759; baseline -0.001 -17"><span class='ocrx_word' id='word_1_174' title='bbox 123 3675 268 3747; x_wconf 83' lang='lat' dir='ltr'><strong>eandem</strong></span> <span class='ocrx_word' id='word_1_175' title='bbox 293 3675 439 3750; x_wconf 86' lang='lat' dir='ltr'><strong>tenebat</strong></span> <span class='ocrx_word' id='word_1_176' title='bbox 463 3673 651 3745; x_wconf 83' lang='lat' dir='ltr'><strong>eeclesiam</strong></span> <span class='ocrx_word' id='word_1_177' title='bbox 677 3674 776 3744; x_wconf 88' lang='lat' dir='ltr'><strong>omni</strong></span> <span class='ocrx_word' id='word_1_178' title='bbox 793 3669 864 3740; x_wconf 90' lang='lat' dir='ltr'><strong>iuri</strong></span> <span class='ocrx_word' id='word_1_179' title='bbox 881 3695 947 3742; x_wconf 85' lang='lat' dir='ltr'><strong>auo</strong></span> <span class='ocrx_word' id='word_1_180' title='bbox 966 3670 1192 3757; x_wconf 80' lang='lat' dir='ltr'><strong>renuncians,</strong></span> <span class='ocrx_word' id='word_1_181' title='bbox 1218 3669 1334 3759; x_wconf 88' lang='lat' dir='ltr'><strong>ipsam</strong></span> <span class='ocrx_word' id='word_1_182' title='bbox 1349 3669 1394 3738; x_wconf 86' lang='lat' dir='ltr'><strong>ad</strong></span> <span class='ocrx_word' id='word_1_183' title='bbox 1410 3669 1489 3742; x_wconf 85' lang='lat' dir='ltr'><strong>dies</strong></span> 
     </span>
     <span class='ocr_line' id='line_1_26' title="bbox 123 3769 1629 3867; baseline -0.001 -26"><span class='ocrx_word' id='word_1_184' title='bbox 123 3773 192 3844; x_wconf 85' lang='lat' dir='ltr'><strong>uite</strong></span> <span class='ocrx_word' id='word_1_185' title='bbox 214 3797 280 3846; x_wconf 87' lang='lat' dir='ltr'><strong>sue</strong></span> <span class='ocrx_word' id='word_1_186' title='bbox 304 3776 350 3846; x_wconf 87' lang='lat' dir='ltr'><strong>de</strong></span> <span class='ocrx_word' id='word_1_187' title='bbox 376 3797 484 3846; x_wconf 86' lang='lat' dir='ltr'><strong>manu</strong></span> <span class='ocrx_word' id='word_1_188' title='bbox 508 3773 639 3867; x_wconf 83' lang='lat' dir='ltr'><strong>prelati</strong></span> <span class='ocrx_word' id='word_1_189' title='bbox 665 3773 832 3864; x_wconf 79' lang='lat' dir='ltr'><strong>Magistri</strong></span> <span class='ocrx_word' id='word_1_190' title='bbox 857 3771 1002 3842; x_wconf 87' lang='lat' dir='ltr'><strong>nomine</strong></span> <span class='ocrx_word' id='word_1_191' title='bbox 1028 3772 1157 3841; x_wconf 83' lang='lat' dir='ltr'><strong>domus</strong></span> <span class='ocrx_word' id='word_1_192' title='bbox 1174 3769 1417 3838; x_wconf 80' lang='lat' dir='ltr'><strong>Theutonieae</strong></span> <span class='ocrx_word' id='word_1_193' title='bbox 1435 3791 1490 3840; x_wconf 90' lang='lat' dir='ltr'><strong>re·</strong></span> <span class='ocrx_word' id='word_1_194' title='bbox 1624 3769 1629 3774; x_wconf 79' lang='lat'>&#39;</span> 
     </span>
     <span class='ocr_line' id='line_1_27' title="bbox 124 3868 1491 3964; baseline -0.002 -22"><span class='ocrx_word' id='word_1_195' title='bbox 124 3874 291 3964; x_wconf 74' lang='lat' dir='ltr'><strong>cepisset,</strong></span> <span class='ocrx_word' id='word_1_196' title='bbox 313 3876 409 3945; x_wconf 89' lang='lat' dir='ltr'><strong>idem</strong></span> <span class='ocrx_word' id='word_1_197' title='bbox 435 3876 554 3946; x_wconf 87' lang='lat' dir='ltr'><strong>minus</strong></span> <span class='ocrx_word' id='word_1_198' title='bbox 579 3893 667 3944; x_wconf 89' lang='lat' dir='ltr'><strong>sano</strong></span> <span class='ocrx_word' id='word_1_199' title='bbox 693 3873 821 3943; x_wconf 85' lang='lat' dir='ltr'><strong>ductus</strong></span> <span class='ocrx_word' id='word_1_200' title='bbox 848 3873 999 3944; x_wconf 84' lang='lat' dir='ltr'><strong>oonsilio</strong></span> <span class='ocrx_word' id='word_1_201' title='bbox 1025 3869 1131 3940; x_wconf 87' lang='lat' dir='ltr'><strong>deum</strong></span> <span class='ocrx_word' id='word_1_202' title='bbox 1158 3890 1231 3938; x_wconf 84' lang='lat' dir='ltr'><strong>uon</strong></span> <span class='ocrx_word' id='word_1_203' title='bbox 1265 3868 1416 3952; x_wconf 86' lang='lat' dir='ltr'><strong>timens,</strong></span> <span class='ocrx_word' id='word_1_204' title='bbox 1453 3881 1491 3939; x_wconf 86' lang='lat' dir='ltr'><strong>et</strong></span> 
     </span>
     <span class='ocr_line' id='line_1_28' title="bbox 121 3968 1489 4065; baseline -0.003 -25"><span class='ocrx_word' id='word_1_205' title='bbox 121 3972 300 4048; x_wconf 79' lang='lat' dir='ltr'><strong>hominem</strong></span> <span class='ocrx_word' id='word_1_206' title='bbox 331 3996 405 4044; x_wconf 84' lang='lat' dir='ltr'><strong>non</strong></span> <span class='ocrx_word' id='word_1_207' title='bbox 439 3974 619 4046; x_wconf 85' lang='lat' dir='ltr'><strong>reueritm</strong></span> <span class='ocrx_word' id='word_1_208' title='bbox 654 3973 918 4065; x_wconf 77' lang='lat' dir='ltr'><strong>possessionem</strong></span> <span class='ocrx_word' id='word_1_209' title='bbox 952 3970 1132 4042; x_wconf 78' lang='lat' dir='ltr'><strong>antedicta</strong></span> <span class='ocrx_word' id='word_1_210' title='bbox 1166 3968 1297 4038; x_wconf 85' lang='lat' dir='ltr'><strong>domus</strong></span> <span class='ocrx_word' id='word_1_211' title='bbox 1322 3977 1489 4038; x_wconf 87' lang='lat' dir='ltr'><strong>euertere</strong></span> 
     </span>
    </p>

    <p class='ocr_par' dir='ltr' id='par_1_9' title="bbox 10 4067 1565 4166">
     <span class='ocr_line' id='line_1_29' title="bbox 10 4067 1565 4166; baseline -0.005 -24"><span class='ocrx_word' id='word_1_212' title='bbox 10 4153 11 4158; x_wconf 7' lang='grc' dir='ltr'>η</span> <span class='ocrx_word' id='word_1_213' title='bbox 76 4135 83 4142; x_wconf 89' lang='grc'>.</span> <span class='ocrx_word' id='word_1_214' title='bbox 125 4075 266 4166; x_wconf 80' lang='lat' dir='ltr'><strong>sapiens</strong></span> <span class='ocrx_word' id='word_1_215' title='bbox 292 4081 327 4144; x_wconf 85' lang='lat' dir='ltr'><strong>et</strong></span> <span class='ocrx_word' id='word_1_216' title='bbox 352 4073 512 4165; x_wconf 83' lang='lat' dir='ltr'><strong>turbere,</strong></span> <span class='ocrx_word' id='word_1_217' title='bbox 540 4074 654 4146; x_wconf 87' lang='lat' dir='ltr'><strong>Immo</strong></span> <span class='ocrx_word' id='word_1_218' title='bbox 679 4083 796 4145; x_wconf 83' lang='lat' dir='ltr'><strong>totum</strong></span> <span class='ocrx_word' id='word_1_219' title='bbox 819 4071 935 4166; x_wconf 81' lang='lat' dir='ltr'><strong>ipsius</strong></span> <span class='ocrx_word' id='word_1_220' title='bbox 959 4072 1016 4142; x_wconf 87' lang='lat' dir='ltr'><strong>ius</strong></span> <span class='ocrx_word' id='word_1_221' title='bbox 1038 4067 1185 4163; x_wconf 81' lang='lat' dir='ltr'><strong>penitus</strong></span> <span class='ocrx_word' id='word_1_222' title='bbox 1207 4088 1395 4155; x_wconf 80' lang='lat' dir='ltr'><strong>eneruare,</strong></span> <span class='ocrx_word' id='word_1_223' title='bbox 1420 4068 1488 4136; x_wconf 86' lang='lat' dir='ltr'><strong>Jue</strong></span> <span class='ocrx_word' id='word_1_224' title='bbox 1555 4148 1565 4156; x_wconf 42' lang='grc'><em>,</em></span> 
     </span>
    </p>
   </div>
   <div class='ocr_carea' id='block_1_7' title="bbox 1203 4163 1279 4245">
    <p class='ocr_par' dir='ltr' id='par_1_10' title="bbox 1203 4163 1279 4245">
     <span class='ocr_line' id='line_1_30' title="bbox 1203 4163 1279 4245; baseline 0 -41"><span class='ocrx_word' id='word_1_225' title='bbox 1203 4163 1279 4245; x_wconf 52' lang='lat'><strong>,02</strong></span> 
     </span>
    </p>
   </div>
   <div class='ocr_carea' id='block_1_8' title="bbox 0 0 1878 4720">
    <p class='ocr_par' dir='ltr' id='par_1_11' title="bbox 0 0 1878 4720">
     <span class='ocr_line' id='line_1_31' title="bbox 0 0 1878 4720; baseline 0 1"><span class='ocrx_word' id='word_1_226' title='bbox 0 0 1878 4720; x_wconf 95' lang='lat' dir='ltr'><strong> </strong></span> 
     </span>
    </p>
   </div>
  </div>
 </body>
</html>
