3870 4718
438 385 467 470 8
712 493 714 500 y
798 372 1068 490 .Diplometa
1082 369 1410 490 'Imperatorum

432 621 575 680 uentus.
603 630 670 678 nac
696 607 888 702 quicquam
915 607 1061 678 seruieii
1087 605 1153 674 nisi
1180 605 1248 676 soli
1265 607 1333 676 deo
1352 617 1387 676 et
1403 606 1543 676 sanctis
1554 607 1631 680 eius
1652 611 1803 692 reddere

432 720 619 801 cogantur.
654 731 772 802 neque
808 709 926 800 aliqua
960 701 1115 799 persona
1148 707 1264 774 maior
1296 707 1355 776 uel
1381 709 1500 776 minor
1527 710 1564 776 in
1591 732 1652 780 eos
1679 725 1742 782 aut
1769 715 1805 782 in
1851 713 1855 734 '

429 811 527 879 bona
553 832 679 880 eorum
706 813 991 901 qualemcunque
1017 807 1299 878 dominationem
1324 807 1491 876 habeant.
1518 817 1641 899 preter
1667 834 1733 880 nos
1768 825 1804 882 et

432 921 831 982 successores‘nostros
856 931 960 999 reges
977 911 1036 976 nel
1054 909 1304 1000 imperatores.
1324 907 1386 976 sed
1400 909 1519 976 securi
1536 921 1703 978 maneant
1724 911 1803 978 abs·
1880 894 1884 906 ’

431 1033 504 1102 que
530 1006 628 1079 omni
655 1009 833 1080 eiectione
860 1011 920 1077 uel
945 1008 1217 1100 perturbatione
1245 1017 1388 1075 orantes
1414 1030 1483 1096 pro
1511 1029 1549 1075 se
1566 1019 1601 1076 et
1618 999 1686 1099 p'ro
1708 1018 1808 1076 statu
1866 1013 1883 1086 ’,

431 1109 591 1200 imperiis
617 1132 657 1179 ac
683 1111 792 1178 totius
820 1110 991 1176 ecclesiae
1018 1110 1144 1176 salute.
1203 1107 1355 1174 Nomina
1388 1117 1509 1174 autem
1535 1107 1805 1194 possessionum

431 1211 499 1279 hec
525 1211 855 1300 sunt.'lllanzpach.
883 1209 1105 1275 Callenberc·
1133 1207 1383 1293 Tegernheim.
1414 1205 1701 1294 Gvndolvingen.
1721 1229 1802 1274 cum
1876 1202 1880 1269 ἶ

430 1310 632 1400 piscaturis.
668 1309 762 1378 Rivt.
797 1305 1318 1376 ltindenhvs.'Gebelchoven.
1354 1301 1604 1396 Wernsingen.
1632 1307 1801 1372 ltneutin·
1875 1346 1880 1423 p

432 1433 513 1500 gen.
549 1433 631 1478 cum
666 1410 783 1477 uineis
818 1409 892 1479 suis
919 1419 955 1478 et
982 1410 1119 1496 capelle
1143 1429 1216 1474 sua.
1244 1407 1531 1474 Bochesrvoclte.
1560 1427 1640 1472 cum
1667 1406 1801 1494 capella
1876 1440 1879 1451 ·

433 1529 507 1577 sua.
535 1518 571 1576 et
596 1509 755 1589 decimis.
781 1508 1014 1596 Trublingen.
1041 1505 1269 1584 Tletelndorss
1288 1505 1455 1593 superius
1481 1515 1517 1574 et
1541 1504 1691 1571 inferius
1719 1525 1801 1586 cum
1872 1496 1880 1571 l

432 1607 533 1676 siluis
560 1617 596 1674 et
622 1603 811 1698 piscaturis
839 1607 1041 1696 ceterisque
1068 1601 1282 1694 appenditiis
1309 1606 1588 1695 circumquaque
1614 1604 1681 1671 sibi
1708 1602 1801 1670 adia·
1878 1591 1883 1659 l

310 1785 314 1791 q
432 1705 605 1776 centibus.
633 1709 817 1774 lllarcstet.
845 1707 1075 1772 lllahtenvelt.
1101 1705 1331 1772 Tessenhvel.
1359 1703 1530 1772 Obrelmf.
1553 1702 1802 1771 Molendinum
1882 1709 1885 1755 ³

433 1803 637 1895 Sinaingen.
653 1807 798 1894 ¹Gristet
825 1827 905 1872 num
933 1807 1079 1893 capelle.
1105 1803 1218 1871 siluis.
1256 1803 1456 1892 piscaturis.
1482 1803 1705 1872 molendinis.
1729 1799 1801 1868 An·

432 1907 532 1974 sidel.
558 1905 750 1974 Dietfvolt.
777 1905 938 1982 Halthvs.
965 1905 1139 1994 Fogeltal.
1155 1901 1394 1970 Gvndolshus.
1414 1903 1535 1970 Bvone
1553 1925 1632 1970 cum
1650 1903 1803 1992 capella.

432 2006 619 2075 Lienbero.
660 2005 901 2076 Gravenberc.
938 2002 1319 2093 Obergvndolvingen.
1360 2003 1617 2070 Jschcnlrvsen.
1650 1997 1805 2070 'Chvels

433 2105 527 2181 dorf,
552 2105 751 2196 Fingental.
782 2107 1021 2174 Westenholz.
1049 2101 1296 2172 Molendinum
1324 2101 1419 2191 apud
1444 2101 1596 2168 Brvnne.
1624 2105 1706 2170 Duo
1726 2123 1808 2170 mo·
1889 2107 1891 2133 ³

292 2277 297 2283 ,
431 2205 576 2274 lendina
609 2206 704 2295 spud
731 2205 859 2274 Laber.
893 2204 1083 2278 Eainberc.
1118 2203 1290 2270 Bercstet.
1325 2202 1547 2269 anthahen.
1575 2201 1804 2268 Helmhvhel.
1891 2236 1892 2240 ¹

354 2296 362 2334 '¹
432 2325 514 2374 oum
541 2305 757 2396 appenditiis
790 2306 875 2374 suis.
912 2304 1041 2373 Harde.
1077 2305 1261 2370 Chemnnt.
1298 2301 1473 2370 anbero.
1511 2301 1593 2368 Rivt
1617 2301 1806 2390 pascuale.

430 2403 662 2474 Stetenlrove.
703 2405 938 2475 Svorchvsen.
975 2404 1162 2472 Girhvsen.
1199 2401 1362 2469 llaerrin.
1398 2403 1661 2486 Tremelhvsen.
1697 2402 1805 2470 War-
1890 2385 1893 2400 ’

429 2503 623 2573 mansdorf.
671 2506 751 2572 Due
784 2505 912 2572 uineae
949 2503 994 2570 ad
1027 2501 1155 2592 pedem
1181 2500 1300 2591 pontis
1326 2500 1607 2589 Ratisponensis.
1643 2499 1807 2570 Manalo.

404 2603 621 2694 'Lyrndorl
649 2603 839 2672 Hvtenhof.
867 2604 1103 2673 Munechrivt.
1131 2599 1331 2688 chunstein.
1357 2601 1573 2670 Bvelnhove.
1592 2599 1808 2670 Cholbesin-
1892 2596 1893 2664 Ῐ

433 2725 517 2793 gen.
556 2703 744 2772 schiltern.
777 2699 1012 2793 lirspsenhof.
1051 2701 1245 2770 Sneithnrt.
1284 2701 1579 2771 Trvebenhoven.
1623 2699 1808 2774 Boudorf.
1893 2707 1895 2784 fl

433 2803 577 2872 Stoclta.
605 2807 693 2872 Alta.
721 2805 799 2872 Una
825 2804 925 2872 curia
950 2801 1045 2892 apud
1072 2802 1217 2891 pfaeter.
1249 2801 1502 2888 Hagenbvoch.
1540 2801 1691 2890 Ghnger.
1729 2801 1810 2872 He·

432 2903 636 2974 rischoven.
660 2905 921 2994 Rvedelingen.
950 2902 1168 2970 Cholnbacls.
1182 2899 1377 2968 Hochdorf.
1391 2898 1517 2970 Eicde.
1535 2900 1657 2969 Heide.
1671 2899 1811 2990 Sohyr.
1894 2893 1899 2935 ³

430 3002 641 3071 Frieslreim.
674 3006 752 3070 Due
778 3005 906 3070 uineae
932 2998 1031 3069 iuxta
1058 2999 1366 3072 Ghrvochenberc.
1401 3002 1527 3068 Winze
1555 3021 1635 3068 cum
1661 3001 1810 3074 moten-

434 3101 519 3167 diuo
547 3111 582 3168 et
608 3101 701 3168 duae
725 3101 853 3170 uineae
880 3103 974 3191 apud
998 3103 1161 3192 Jbspvrc.
1187 3109 1222 3167 et
1239 3123 1324 3170 area
1340 3121 1411 3170 una
1421 3101 1518 3192 apud
1531 3100 1809 3190 Persenbevge.

434 3209 470 3266 et
496 3200 587 3268 ditos
614 3221 757 3270 mansus
785 3202 821 3268 in
848 3203 947 3272 Sane.
974 3212 1008 3270 et
1033 3223 1095 3270 sex
1129 3221 1270 3270 mansus
1304 3201 1401 3290 apud
1426 3192 1652 3294 Sh⁸ottingenss
1684 3201 1813 3271 Sneit·

433 3301 516 3366 hart
541 3299 773 3368 occidentale.-
825 3303 996 3370 Preterea‘
1019 3303 1242 3388 decernimus
1267 3311 1308 3370 ut
1334 3304 1422 3370 nulli
1448 3303 1555 3374 licent
1573 3301 1814 3374 aduocationi
1895 3339 1900 3401 ,κ

433 3417 562 3466 eorum
589 3400 798 3506 concedere.
826 3402 966 3470 babere.
997 3411 1057 3470 aut
1088 3401 1175 3471 dare
1209 3403 1277 3469 nis'i
1305 3425 1372 3492 per
1397 3425 1463 3472 nos
1491 3413 1526 3470 et
1551 3410 1695 3469 nostros
1722 3421 1815 3470 suc-
1840 3464 1842 3468 .

434 3519 606 3566 cessores.
635 3507 748 3588 reges}
765 3501 823 3568 uel
847 3503 1090 3593 imperatores.
1116 3515 1153 3570 et
1179 3525 1260 3570 cum
1287 3504 1507 3573 conscientia
1545 3498 1687 3566 abbatis
1715 3498 1820 3570 Sco.

434 3607 564 3666 torum.
603 3620 743 3669 necnon
777 3609 812 3669 et
844 3613 1005 3672 uetamus
1028 3603 1067 3671 'et
1094 3604 1201 3694 sigilli
1230 3606 1343 3673 nostri
1368 3599 1594 3691 inpressione
1621 3593 1821 3684 praecipi.
1900 3685 1901 3690 ἵ

434 3717 524 3763 mus.
553 3717 620 3764 nec
646 3696 754 3768 alicui
779 3721 903 3772 eorum
928 3703 1102 3772 aduocato
1129 3707 1234 3776 liceat
1259 3706 1356 3774 bona
1372 3699 1499 3774 eorum
1513 3694 1721 3784 usurpando
1739 3713 1824 3772 aut

435 3801 556 3864 emere
583 3801 1042 3874 aut'renouandoaddere.
1071 3805 1135 3872 sed
1161 3808 1248 3878 solis
1273 3805 1380 3874 scotis
1407 3795 1656 3870 tantummodo
1673 3794 1716 3862 de
1736 3793 1824 3868 bo.

434 3894 598 3965 nicenis
633 3890 738 3987 prout
764 3903 896 3974 melius
926 3908 983 3974 uel
1010 3905 1132 3974 atilius
1157 3905 1317 3999 poterint
1346 3903 1539 3991 disponere
1563 3897 1679 3964 lineat.
1705 3890 1826 3987 sicut

431 3995 601 4064 hactenus
634 4003 853 4089 temporibus
889 4013 1158 4078 antecessorum
1192 4015 1403 4076 nostrorum
1438 3996 1599 4070 noscitur
1631 3995 1828 4078 obserua.

432 4103 517 4164 tum.
569 4095 739 4172 Aduocati
766 4125 856 4175 uero
880 4105 1011 4198 quibus
1038 4107 1229 4182 commissa
1254 4103 1368 4174 fuerit
1403 4125 1424 4170 a
1457 4097 1561 4169 nobis
1598 4095 1823 4182 aduocati«.
1870 4167 1874 4176 ,

1899 3775 1901 3834 l
