3870 4718
549 345 554 355 ·
688 301 952 398 Authcnticn.

569 599 573 757 Ῐ
672 663 975 775 ncxxrx.

185 935 284 992 Anno
313 936 418 994 12¹2.
442 924 554 999 nobis,
580 921 720 1006 antiquis
752 935 854 1004 1218,
881 937 943 1010 29:
960 925 1131 992 DecsmBr.
1156 926 1241 1010 apud
1263 900 1508 994 Nuorenliercs

146 1119 395 1210 Fridericus
435 1117 487 1204 Π.
525 1144 604 1204 rex
632 1115 867 1208 Berhtoldo
907 1105 1043 1208 electo
1070 1117 1309 1206 Brixinensi
1343 1119 1523 1234 eiusque

148 1237 354 1327 ecclesiae
385 1235 580 1335 concedit
606 1265 754 1324 omnes
783 1237 1115 1352 argentifodinas
1135 1231 1372 1352 omnesque
1394 1265 1523 1326 venas

216 1354 491 1442 metallorum
522 1351 714 1462 esselis,
745 1383 856 1468 quae
885 1355 930 1440 in
959 1357 1051 1443 eius
1074 1356 1332 1474 episcopatu
1360 1385 1465 1472 pos·

675 1491 775 1560 sunt
800 1473 992 1592 reperiri.

141 1667 375 1801 Frideriens
401 1729 579 1800 secundus
604 1729 664 1799 clei
689 1681 805 1822 grati}
829 1728 1077 1802 Romsnorum
1100 1733 1182 1802 Rex
1218 1751 1366 1822 semper
1387 1735 1525 1823 Augus·

56 1926 60 1934 ,
142 1859 202 1917 tus
238 1857 275 1914 et
298 1846 378 1914 Rex
401 1845 531 1914 Sicilie.
580 1845 725 1937 Regalis
759 1847 971 1937 excellentie
1005 1847 1109 1916 decet
1139 1845 1350 1939 dignitatem
1387 1855 1424 1914 et
1457 1867 1523 1937 per

142 1951 215 2017 hoc
248 1944 366 2016 laudis
399 1945 545 2016 titulum
580 1948 719 2030 (titulo)
754 1948 886 2018 meritc
918 1948 1134 2019 sublimatur
1166 1969 1248 2016 cum
1275 1947 1447 2016 fidelium.
1486 1957 1525 2016 et
1597 1947 1600 1952 “

142 2046 391 2117 subiectorum
405 2067 568 2121 ‘suornm
594 2047 825 2118 devotionem
849 2044 1005 2116 attendit
1029 2057 1066 2118 et
1091 2069 1217 2117 eorum
1235 2047 1386 2117 servicia
1403 2045 1523 2140 dignis

142 2145 447 2222 retributionibus
472 2160 721 2238 reconpensat.
772 2148 1007 2218 attendentes
1029 2147 1142 2240 igitur
1165 2159 1239 2218 tam
1266 2147 1396 2218 devota
1410 2167 1521 2240 quam

140 2247 266 2317 fidelia
299 2269 369 2340 que
401 2248 507 2317 nobis
540 2248 691 2318 dilectus
720 2247 841 2330 ,tidelis
879 2261 916 2319 et
949 2249 1118 2342 princeps
1149 2257 1273 2319 noster
1304 2245 1521 2318 Berhtolclus

141 2351 289 2420 Electus
314 2347 539 2417 Brixineneie
573 2358 611 2419 et
641 2349 775 2419 nostris
807 2351 1105 2442 progenitoribus
1138 2350 1314 2447 obsequia
1347 2347 1521 2420 exhibere

142 2471 290 2541 semper
322 2448 462 2518 curavit
498 2459 534 2518 et
565 2449 603 2518 in
630 2461 816 2541 posterum
841 2452 886 2521 de
912 2451 1011 2522 bono
1036 2452 1074 2521 in
1099 2451 1229 2532 melius
1263 2449 1398 2543 poterit
1423 2449 1521 2520 exhi·

140 2551 232 2620 bere
263 2549 429 2618 volentes
461 2549 576 2639 ipsius
610 2551 772 2622 serviciis
804 2553 1027 2642 respondere
1058 2573 1127 2643 pro
1152 2553 1309 2622 meritis·
1328 2551 1374 2620 ‹le
1399 2541 1523 2620 innata

141 2651 247 2724 nobis
274 2647 499 2718 liberalitatis
525 2652 643 2742 gratia
668 2653 738 2721 sibi
765 2653 912 2746 suisque
938 2650 1207 2722 successoribus
1226 2653 1264 2720 in
1281 2651 1432 2722 ecclesia
1447 2649 1520 2719 bri·

140 2749 284 2821 xinensi
309 2747 540 2819 concedimus
567 2762 604 2820 et
627 2751 803 2820 donemus
828 2753 868 2820 in
895 2763 1112 2843 perpetuum
1139 2772 1266 2822 omnes
1287 2746 1524 2840 argentiloffi·

13 2893 14 2898 =
140 2872 205 2921 nas
230 2870 431 2943 omnesque
456 2871 565 2921 venas
591 2853 821 2921 metallorum
845 2863 882 2922 et
907 2854 1003 2922 salis.
1028 2874 1099 2944 qne
1125 2851 1162 2920 in
1189 2872 1254 2920 eno
1281 2859 1364 2919 eunt
1382 2850 1521 2942 episco-

139 2961 229 3044 patu
253 2959 292 3020 et
317 2947 361 3020 de
387 2959 510 3022 cetero
534 2964 687 3043 possunt
712 2949 869 3044 reperiri
895 2973 979 3022 cnm
1004 2951 1172 3022 omnibns
1199 2947 1350 3022 iusticiis
1379 2957 1520 3041 elper-

138 3051 302 3126 tinentiis
327 3051 401 3148 suis
426 3051 664 3143 possidendas
691 3063 726 3123 et
751 3053 946 3124 tenendam
960 3053 1011 3150 acl
1030 3053 1139 3124 huius
1157 3063 1285 3149 'autem
1300 3061 1423 3123 nostre
1432 3071 1522 3130 ,cou-

140 3152 316 3222 cessionis
348 3152 564 3222 memoriam
600 3165 636 3224 ct
669 3149 883 3246 perpetuam
915 3151 1125 3238 firmitatem
1161 3152 1342 3246 presentie
1386 3153 1520 3246 pagine
1586 3241 1590 3248 Ι

138 3253 316 3342 scriptum
339 3253 454 3322 nostri
479 3253 590 3344 sigilli
616 3255 814 3323 munimine
840 3255 992 3326 fecimus
1020 3255 1245 3324 communiri.
1267 3262 1463 3323 statuentes
1483 3264 1520 3321 et
1606 3243 1612 3270 ¹

139 3353 208 3424 sub
234 3351 529 3422 interminatione
555 3355 673 3444 gratie
699 3365 823 3425 nostre
849 3353 1092 3445 precipientes
1118 3377 1164 3423 ne
1189 3352 1312 3446 aliqua
1334 3375 1520 3446 nunquam

141 3457 337 3547 (unquam)
363 3471 523 3545 persona
548 3453 694 3523 humilis
719 3459 778 3526 vel
804 3458 876 3524 alta
900 3459 992 3524 hanc
1014 3465 1138 3524 nostre
1165 3453 1409 3523 concessionis
1438 3474 1520 3547 gra·

137 3553 228 3623 tiam
261 3553 385 3647 aliquo
408 3553 528 3627 ·tnodo
560 3555 692 3624 audeat
724 3557 783 3626 vel
817 3555 946 3624 debeat
971 3553 1173 3648 infringere
1199 3576 1264 3622 seu
1290 3547 1519 3646 attemptare.

137 3655 354 3748 Quicunque
379 3665 501 3726 antem
526 3655 633 3728 huius
658 3665 782 3726 nostre
807 3657 1049 3726 concessionis
1070 3666 1107 3726 et
1122 3654 1330 3726 donationis
1344 3661 1519 3726 statatum

137 3763 178 3822 et
201 3755 372 3846 paginam
396 3756 597 3848 intringere
621 3759 680 3829 vel
706 3758 829 3851 aliquo
854 3768 1021 3849 tempore
1047 3765 1261 3846 attemptare
1276 3773 1522 3846 ,μείνωμεν

135 3855 193 3922 rit-
210 3855 357 3926 noverit
381 3878 420 3926 ee
446 3857 644 3928 maiestatis
669 3858 991 3928 nostce'offensarn‘
1016 3857 1176 3949 graviter
1196 3856 1420 3928 incurrissem
1453 3857 1518 3926 Ta·

134 3963 209 4024 ates
235 3954 345 4024 huius
367 3957 424 4028 rai
449 3967 543 4028 aunt.
596 3957 804 4028 Fride'sicns
825 3959 1030 4052 Episcopus
1056 3951 1298 4032 desetiuust
1321 3952 1522 4026 :cudente

135 4075 201 4126 eas
227 4055 302 4126 dux
323 4054 499 4134 navans.
524 4057 762 4134 mmmm.
788 4060 952 4134 Marchio
977 4058 1022 4130 de
1047 4057 1176 4132 baden.
1203 4054 1522 4130 concrematas
