3870 4718
715 263 989 434 ¹tlutlrentica.
1009 328 1014 338 ·

422 681 427 689 ,
529 662 567 752 4
656 613 1085 767 ccxix.

440 893 446 906 ,
507 847 600 908 Anno
631 841 728 908 1216.
788 857 841 910 11.
869 843 963 912 Maii.
1015 845 1194 929 Herbipnli.

163 1028 199 1115 F
200 1024 408 1112 ridericus
434 1020 486 1108 Π.
517 1046 610 1126 rex,
642 1022 937 1110 consuetudini
962 1027 1051 1120 siue
1073 1025 1188 1134 iuri}
1202 1027 1436 1144 occupandi
1463 1059 1532 1118 res
1604 1097 1610 1107 ‚

164 1141 463 1228 decedentium
493 1137 794 1254 episcoporum
827 1141 1103 1240 etnhhstum
1131 1164 1173 1232 et
1194 1152 1433 1260 'proventus
1462 1178 1533 1232 ec·
1615 1194 1624 1204 ·

164 1260 391 1344 elesiarum
432 1253 739 1344 cathedralium
779 1275 822 1343 et
860 1256 1124 1365 abbatiarum
1165 1290 1243 1376 per
1277 1263 1404 1348 totius
1435 1266 1533 1350 enni

164 1375 372 1460 circultuu
400 1374 444 1458 in
473 1401 576 1468 usus
608 1372 805 1490 proprios
836 1377 1133 1495 conuertendi,
1177 1405 1307 1490 quem
1340 1398 1532 1469 anteces-

163 1520 279 1577 sores
311 1491 378 1576 sui
410 1509 715 1596 exercuerunt,
746 1491 1021 1597 renuncians,
1053 1495 1201 1580 Ottoni
1230 1494 1528 1610 Herbipolensi

219 1610 420 1723 episcopo
451 1608 629 1721 eiusque
657 1607 858 1809 ecclesiae
889 1609 1073 1723 speciale
1100 1611 1183 1699 hoc
1200 1611 1467 1728 privilegium

768 1743 939 1838 argunr.

959 1849 967 1883 l

164 1981 411 2068 (Gdrtemen.)
453 1923 509 2061 ln
533 1983 680 2054 nomine
706 1995 828 2056 saneta
855 1994 891 2055 et
915 1985 1101 2056 indiuidue
1118 1943 1303 2056 Trinitatis
1322 1963 1528 2059 Friderieus
1642 1995 1649 2009 “

158 2103 225 2168 Dei
260 2100 376 2191 gratia
400 2101 645 2168 Romanorum
670 2101 749 2170 Rex
782 2111 820 2172 et
853 2121 996 2192 semper
1020 2103 1201 2191 Augustus
1223 2110 1261 2170 et
1285 2101 1364 2172 Rex
1391 2101 1528 2173 Sicilie.
1567 2139 1574 2148 ·

158 2199 250 2268 tttnd
283 2199 515 2289 priuilegium
548 2199 646 2290 quud
679 2221 745 2268 rex
776 2223 905 2292 regum
938 2208 974 2269 st
1009 2199 1175 2270 deminus
1202 2200 1464 2270 dominantium
1491 2203 1529 2270 in
1556 2219 1566 2230 ·

158 2299 374 2367 memoriam
390 2297 653 2368 ecclesiasticae
672 2296 847 2370 libertatis
860 2298 1129 2393 preciosissimo
1145 2301 1320 2391 sauguine
1334 2321 1400 2371 suu
1417 2300 1529 2394 serip-

159 2401 214 2468 sit.
242 2395 292 2465 ite
314 2399 418 2490 regin
444 2399 548 2466 decet
573 2399 745 2468 custodiri
770 2401 907 2470 fauere
930 2410 972 2470 ut
996 2421 1192 2492 numquam
1210 2401 1249 2468 in
1271 2421 1314 2470 ec
1333 2402 1529 2494 quicquam

159 2507 343 2588 appareat.
370 2495 469 2589 quud
492 2497 589 2567 illius
615 2501 730 2589 gratie
755 2501 924 2570 uideatur
948 2500 1191 2570 obtenebrare
1210 2499 1390 2571 decerem.
1405 2521 1490 2593 .que
1505 2525 1529 2572 a

158 2607 259 2665 tanto
285 2598 451 2686 procedit
476 2607 634 2667 auctore.
683 2600 731 2667 Ut
757 2623 845 2690 erge
871 2609 952 2690 post
977 2601 1113 2669 terreni
1138 2601 1242 2691 regui
1265 2599 1409 2691 fastigia
1431 2621 1529 2670 secu·

158 2699 237 2764 rius
260 2707 452 2790 expectare
475 2698 654 2788 possimus
680 2698 727 2766 ab
751 2699 831 2788 ipso
858 2700 1039 2770 felicitatis
1060 2707 1228 2768 aeternae
1244 2721 1427 2768 ceronam.
1444 2721 1529 2769 eum

158 2805 284 2864 nostre
311 2795 513 2865 deuotionis
540 2797 1005 2888 ministerio-permanserit
1029 2799 1067 2866 iu
1092 2818 1156 2865 sue
1170 2799 1391 2887 integritatis
1409 2800 1528 2887 gloria

159 2917 292 2984 spensa
326 2897 461 2965 christi.
496 2879 600 2986 vala
631 2895 687 2963 sui
720 2903 833 2966 stetur
866 2895 974 2964 debet
1006 2917 1029 2964 a
1052 2895 1373 2985 nobisnercipere
1392 2895 1526 2984 pocius
1556 2957 1564 2974 r

158 2997 390 3064 incrementa.
416 3018 524 3088 quum
550 2995 663 3084 ipsine
689 2995 790 3087 quasi
815 2995 884 3065 sub
910 2993 1064 3088 quadam
1090 2995 1209 3084 specie
1235 2995 1422 3064 seruitutis
1443 3013 1528 3088 pru·

157 3093 264 3162 brese
297 3095 462 3164 sinamus'
488 3094 888 3186 indumedtadiscerpi.
946 3093 1112 3186 Ideoque
1129 3105 1293 3164 ueterem
1317 3095 1417 3164 illam
1443 3116 1526 3164 ecn-

159 3193 384 3262 suetudinem
410 3193 637 3264 detestantes.
662 3215 771 3285 quarn
798 3205 1045 3264 antecessores
1069 3195 1184 3263 nostri
1209 3215 1443 3262 romanorum
1463 3191 1527 3264 irn-

159 3304 346 3381 peratores
378 3304 414 3362 et
447 3315 551 3384 reges
587 3294 625 3360 in
652 3294 871 3362 cathedrales
893 3303 1138 3362 exercuerunt
1164 3295 1332 3363 ecelesias
1359 3303 1395 3360 et
1419 3294 1527 3363 abba·

121 3447 127 3452 .
156 3393 235 3460 tias.
270 3414 362 3486 quae
396 3415 505 3460 manu
539 3393 640 3483 regia
663 3394 922 3484 ‘porriguntuu
951 3390 1049 3484 quud
1072 3391 1249 3459 uidelicet·
1267 3389 1523 3461 decedentibus
1622 3390 1623 3394 ’

18 3499 26 3512 “
160 3493 339 3583 episcopis
372 3490 407 3563 et
439 3491 591 3582 prelatis
622 3513 861 3562 sarum-non
894 3490 1164 3584 tam'reliquiss
1183 3509 1312 3570 rerum
1336 3491 1526 3560 mobilium

159 3592 358 3662 eorundem
385 3601 648 3662 consueuerant
672 3606 862 3682 coeupsre.
889 3611 931 3659 ac
957 3601 1169 3662 conuertere
1194 3591 1231 3658 in
1251 3610 1336 3660 usus
1352 3589 1524 3682 proprios

159 3691 360 3782 occupatas.
386 3713 495 3784 quarn
520 3687 627 3760 etiam
654 3685 815 3762 redditus
840 3700 876 3758 et
892 3701 1091 3781 prouentus
1106 3711 1172 3784 per
1188 3691 1400 3759 tuciusanni
1414 3691 1524 3780 primi

78 3860 79 3868 χ
158 3791 332 3861 circulum
343 3792 394 3860 ita
405 3807 553 3880 prorsus
565 3790 697 3859 aufere.
712 3787 889 3872 (auferre)
902 3800 942 3858 ut
951 3811 1019 3860 nec
1028 3790 1120 3860 solui
1133 3799 1281 3880 possent
1291 3788 1412 3857 debita
1422 3787 1524 3858 dece·

157 3886 283 3960 dentis.
296 3912 363 3960 nec
380 3891 586 3967 succedenti
600 3890 740 3981 prelato
756 3890 959 3960 neccssaria
971 3887 1179 3958 ministrari.
1200 3889 1316 3957 eidem
1326 3897 1523 3957 ⁴cttnsuetu·

158 3985 232 4057 dini
257 3991 334 4059 siue
357 3989 442 4059 iuri.
467 3992 529 4058 nel
555 4011 783 4082 quocumque
807 3989 986 4059 uocabulo
1013 3989 1247 4079 exprimatur.
1267 3987 1520 4056 renunciamus

204 4111 269 4155 Ιοι.
283 4101 348 4156 dele.
367 4111 424 4160 Vel.
437 4111 503 4161 m.
524 4123 567 4156 asa
581 4111 726 4156 collectionis
741 4121 815 4155 auras
828 4111 872 4154 tu.
