3772 4722
11 363 12 446 l
149 391 154 400 ’
240 383 263 400 “
380 334 470 438 276
685 345 700 416 ἲ
775 341 1019 460 Diplomata
1049 337 1358 460 Imperatorum

778 593 784 602 ’
847 597 1335 827 ¹‚stemnius
1401 601 1421 731 f·
1502 625 1507 640 ’

579 918 596 934 ..
707 892 806 952 ‘Auno
838 897 933 953 1240.
985 887 1103 954 Mense
1127 885 1235 952 Juuio.
1269 887 1455 988 -Capuau
1497 927 1501 938 ·

1715 795 1722 814 ·

381 1083 625 1174 Fridericus
676 1081 728 1169 ΙΙ.
771 1063 1005 1198 imperator
1051 1079 1283 1168 abbatiss
1338 1085 1564 1168 conventui
1609 1081 1747 1170 Sancti
1870 1155 1871 1196 ,

385 1201 601 1290 Uodalrici
630 1197 743 1310 apud
771 1201 1022 1314 Augustam,
1052 1197 1333 1315 privilegium,
1365 1199 1417 1286 ab
1448 1227 1529 1286 avo
1553 1193 1631 1285 s'uo
1654 1199 1748 1286 Fri·
1833 1311 1835 1316 .
1870 1203 1871 1210 ‘

446 1317 591 1406 dorico
620 1317 655 1406 I·
679 1347 795 1410 ,anuo
831 1323 955 1408 1182.
988 1325 1027 1406 Ἰ.
1060 1313 1158 1402 Oct.
1188 1305 1684 1426 indultum,‘in'serend0

814 1443 992 1524 renovat
1022 1451 1065 1524 et
1094 1427 1338 1522 confirmat
1370 1501 1384 1540 ις

380 1607 611 1739 Friclericue
647 1669 706 1739 dei
737 1671 854 1761 gratia
869 1671 1124 1741 Romanorum
1150 1670 1352 1760 Imperator
1386 1669 1751 1760 SemperAugustus.

380 1783 584 1852 Jerusalem
610 1792 647 1850 et
672 1783 792 1856 Sicilie
816 1785 906 1852 Rex.
955 1784 1026 1852 Per
1051 1801 1200 1874 presens
1235 1785 1410 1873 scriptum
1442 1793 1571 1851 notum
1605 1778 1753 1851 facimus

380 1879 561 1953 uniuersis
585 1892 657 1951 tam
685 1883 913 1974 presentibus
947 1893 1055 1973 quam
1081 1883 1223 1951 lutaris
1258 1877 1357 1974 quod
1381 1877 1617 1951 Venerabilis
1640 1879 1754 1946 abbas

381 1975 426 2050 ct'
443 1983 652 2052 conuentus
677 1980 790 2053 senati
815 1982 998 2054 Uodalrlci
1023 1985 1111 2076 aput
1138 1981 1493 2074 (apudtsugaetam
1518 1978 1666 2048 culmini
1693 1977 1754 2045 uo·
1871 2061 1873 2072 Ι

382 2090 458 2162 stro
483 2083 669 2150 humililer
692 2081 952 2174 supplicarunt‘
976 2091 1017 2152 ut
1042 2082 1222 2174 quoddam
1248 2079 1481 2172 priuilegium
1510 2077 1754 2168 disiungenti

380 2181 614 2270 Imperatoris
641 2184 822 2273 quondam
842 2183 1023 2252 -Friderici
1048 2183 1107 2274 auj
1134 2183 1249 2250 nostri
1274 2183 1450 2250 memorie
1476 2177 1692 2262 recolende,
1715 2177 1753 2242 li·

381 2281 556 2348 beraliter
579 2279 714 2350 dudum
741 2281 828 2372 ipsis
852 2281 1051 2367 indultum,
1077 2283 1131 2350 eis
1153 2283 1349 2365 inuocare,
1375 2289 1422 2348 et·
1438 2278 1559 2348 omnia
1585 2299 1655 2369 que
1671 2296 1751 2344 con·

383 2383 546 2456 tinsutur
570 2379 608 2448 in
635 2402 678 2450 eo
705 2382 919 2451 confirmare
945 2382 990 2449 cle
1015 2393 1140 2451 nostra
1166 2383 1282 2472 gratia
1307 2378 1551 2469 dignaremur.
1578 2379 1680 2448 ouius
1703 2386 1752 2444 te·
1861 2425 1871 2458 .

383 2499 453 2548 nor
477 2501 544 2570 per
569 2481 690 2552 omnia
714 2479 796 2550 talis
814 2491 887 2550 eat.
936 2481 998 2565 „ln
1023 2482 1168 2550 nomine
1194 2491 1316 2550 sancte
1341 2489 1379 2548 et
1401 2477 1586 2547 indiuiduo
1620 2475 1753 2544 trinita·

224 2546 227 2556 ¹
367 2582 440 2648 ἰὴ.
459 2572 697 2648 assidetur
713 2584 835 2649 ,etc.⁸‘=
869 2581 986 2663 (Acta
1016 2581 1262 2650 MCLXX'XII.
1298 2589 1367 2649 etc.
1428 2577 1561 2647 Datum
1593 2579 1752 2666 Auguste

383 2671 497 2748 Nonis
519 2677 702 2754 Octobris.
724 2678 822 2774 quod
848 2681 1001 2752 babetur
1025 2701 1069 2751 ex
1094 2679 1262 2772 originali
1289 2678 1334 2747 ad
1360 2699 1417 2747 an.
1446 2677 1552 2756 1182}
1588 2687 1621 2752 t.
1659 2673 1753 2754 0⁰0

383 2777 458 2847 Nos
483 2778 605 2872 itaque
632 2777 695 2872 qui
721 2793 838 2851 certas
863 2778 1021 2850 fidelium
1045 2775 1479 2870 nostrorumpetitioue's·
1499 2779 1572 2845 non
1584 2775 1753 2844 nouimus
1800 2809 1808 2818 ·

384 2879 559 2948 obaudire
585 2882 809 2950 attendentes
834 2881 943 2949 fidem
967 2902 1096 2970 puram
1123 2890 1159 2948 et
1176 2881 1406 2947 deuotionem
1425 2877 1600 2946 sinceram
1618 2871 1755 2965 predic·
1781 2949 1792 2958 ,

385 2981 680 3076 turum-Abbatis
705 2991 741 3056 ol
756 2983 964 3050 Couuentus
990 2981 1103 3050 sancti
1120 2975 1280 3044 Vdalrioi
1307 2988 1396 3068 aput,
1410 2976 1540 3066 (apud)
1559 2979 1753 3065 Augustam

329 3109 332 3114 ·
384 3080 546 3148 fidelium
572 3090 798 3162 nostrorum,
830 3099 938 3167 quam
964 3079 1009 3144 ad
1034 3077 1229 3160 maiestatis
1255 3087 1378 3145 nostre
1404 3085 1668 3167 personamet
1704 3093 1754 3141 sa·

384 3199 485 3245 crum
512 3179 707 3266 Imperium
732 3178 884 3259 hebent,
917 3177 1078 3264 ipsorum
1110 3197 1255 3266 quoque
1280 3174 1601 3266 supplicationibus
1630 3171 1752 3260 benig·

382 3279 465 3346 niue
488 3272 669 3361 inclinati,
693 3269 978 3366 suprascriptum
1005 3270 1239 3365 privilegium
1258 3275 1335 3344 diui.
1353 3271 1751 3370 Augustilmpstatorie

385 3375 567 3470 quondum
582 3374 758 3464 Friderlci
785 3374 843 3463 auj
860 3375 977 3443 nostri
992 3371 1166 3444 memorie
1182 3374 1384 3460 recolende,
1401 3375 1484 3444 huic
1503 3384 1627 3442 nostro
1643 3366 1754 3464 priui-

315 3477 319 3486 “
383 3471 480 3566 legio
505 3473 617 3542 inseri
641 3476 823 3560 iussimus,
850 3483 885 3543 et
907 3474 1030 3544 ‘omnia
1047 3470 1120 3568 'qum
1141 3463 1429 3544 continenturin
1447 3473 1575 3544 cod'em
1589 3470 1755 3560 lmperia·

387 3576 432 3643 lis
459 3575 698 3664 preminentis
724 3585 845 3644 nostre
864 3575 980 3664 gratia
1001 3575 1265 3644 confirmamus.
1307 3575 1502 3644 statuimus
1517 3572 1631 3664 igitur
1648 3580 1683 3638 et
1697 3573 1758 3636 lm·

386 3674 514 3765 periali
539 3673 754 3743 sancctimus
772 3674 983 3760 (sancimus)
1003 3675 1120 3744 edicto
1146 3675 1300 3743 firmiter
1325 3674 1564 3766 iniungentes,
1590 3669 1757 3762 quatinus

384 3775 486 3841 nulls
520 3793 674 3862 persona
707 3777 776 3844 alta
802 3776 862 3843 uel
886 3774 1049 3860 humilis,
1084 3773 1322 3843 ecclesiastica
1348 3774 1408 3840 uel
1434 3769 1613 3840 mundana
1640 3767 1757 3859 prela-

386 3881 443 3940 tos
468 3871 645 3940 abbatam
670 3883 705 3943 et
731 3875 956 3946 conuentum
982 3873 1095 3943 sancti
1111 3873 1268 3942 Vdalrici
1295 3882 1384 3962 aput
1410 3869 1537 3962 (apud)
1559 3872 1757 3960 Augustam

387 3970 511 4040 fideles
537 3982 697 4062 nostros,
731 3985 856 4046 contra
889 3973 1067 4063 presentis
1092 3971 1274 4062 priuilegii
1301 3971 1416 4040 nostri
1448 3981 1633 4052 tenorem,
1670 3988 1757 4035 ausu

389 4072 581 4143 temerario
607 4073 826 4170 inquietare,
852 4074 1043 4142 molestare
1070 4089 1133 4141 seu
1159 4070 1373 4165 perturbare
1399 4077 1593 4162 presumat.
1625 4059 1758 4161 *Quod

494 4199 496 4206 '
631 4203 637 4240 l
