3804 4718
394 289 477 376 128
675 273 679 286 ’
783 277 1029 392 Diplomsts
1056 225 1369 390 Imperatorum

391 517 513 588 chinni
538 513 722 606 persoluat
748 501 957 584 memornto.
1007 516 1060 582 Ee
1084 505 1254 582 uidelicet
1278 509 1485 581 conditione
1503 507 1602 604 quod
1621 509 1665 581 de
1682 511 1762 580 red·

391 617 525 686 ditibus
549 613 782 728 predisiibus.
808 635 923 706 usque
949 611 994 681 ed
1019 613 1093 682 XL.
1131 613 1272 680 Murcus
1304 611 1496 702 resignetis
1531 619 1569 680 et
1603 611 1761 704 abipso

391 718 571 812 Episcopo
606 714 750 780 nomine
783 713 926 781 vassalli
961 712 1116 802 receptis
1142 711 1259 800 ipsum
1284 713 1502 801 Episcopum
1528 711 1587 779 uei
1614 711 1691 779 eius
1719 711 1762 779 de

390 819 459 885 hiis
486 814 649 882 nuntium
673 811 836 902 instrunt
855 823 892 880 et
917 811 1098 880 informet.
1146 813 1297 900 Insuper
1317 811 1496 902 sepefatus
1513 812 1674 879 Murchio
1692 831 1761 902 pro

391 918 431 985 E.
460 913 591 984 comite
617 911 661 978 de
687 911 898 980 Helfinstein
922 885 1099 980 fideiussit
1125 910 1225 1001 quod
1250 910 1344 978 idem
1377 931 1498 980 comes
1530 908 1575 978 od
1601 905 1644 980 X.
1669 911 1765 980 Mor

392 1036 451 1086 eus
485 1011 751 1105 proprietatum
783 1031 929 1080 suerum
963 1011 1002 1080 in
1027 1013 1154 1080 Munus
1183 1009 1270 1078 dicti
1294 1009 1465 1102 Episcopi
1491 1008 1637 1083 dehent·
1631 1011 1790 1102 ·resig···
1848 1021 1853 1036 ·

390 1136 489 1184 nore
514 1111 658 1181 eusdem
684 1110 829 1178 nomine
854 1105 1034 1179 vessolii
1024 1133 1061 1178 ιιι
1086 1108 1195 1177 feodo
1221 1109 1302 1177 nb
1292 1131 1371 1200 rpso
1392 1111 1524 1178 iterum
1551 1121 1765 1200 recepturus

391 1225 428 1282 vt
454 1222 491 1281 et
514 1211 714 1328 Episcopus
739 1205 839 1276 dicto
865 1210 987 1277 comiti
1015 1209 1059 1290 de
1087 1207 1298 1277 Helfinstein
1323 1209 1368 1277 nd
1393 1212 1540 1317 plenum
1567 1201 1766 1278 satisfaciet

391 1312 435 1382 de
461 1309 663 1410 promissis
686 1315 723 1378 vt
747 1311 817 1376 boo
842 1309 954 1400 igitur
979 1304 1076 1400 quod
1101 1309 1183 1378 ub
1174 1311 1260 1397 ipsis
1286 1311 1378 1376 atter
1402 1309 1521 1377 utrum
1549 1312 1603 1378 est
1628 1295 1765 1377 fictum

391 1413 506 1480 robur
538 1419 659 1478 tenent
690 1407 871 1476 firmitatis
905 1427 1053 1498 presens
1086 1407 1261 1496 suripmm
1295 1417 1367 1476 tom
1393 1409 1613 1526 appensione
1636 1418 1771 1478 nostre·

391 1511 490 1582 bulte
516 1529 624 1602 quom
649 1507 758 1576 etism
782 1503 1054 1597 Archiepisoopi
1080 1506 1354 1596 Solsburgensis
1380 1519 1417 1578 et
1450 1507 1563 1598 ipsius
1600 1509 1771 1600 episcopi

391 1607 611 1696 Poteriensis
637 1615 672 1675 ot
697 1605 857 1695 eiusdem
882 1607 955 1674 loci
975 1606 1130 1696 capituti
1156 1616 1191 1673 et
1205 1608 1426 1678 Marchronrs
1450 1607 1602 1708 fecimus
1618 1628 1765 1679 conmu-

391 1705 474 1778 niri.
526 1711 657 1774 Datum
682 1689 944 1776 erinbercii
934 1729 972 1774 ιιι
998 1704 1199 1796 Sollempni
1226 1707 1326 1778 curio
1350 1715 1474 1779 nostru
1498 1697 1614 1830 pridie
1634 1706 1773 1826 leen'

392 1808 455 1879 des
482 1802 683 1878 decembris
708 1798 906 1873 indictione
928 1805 1026 1873 XIH.
1229 1813 1233 1822 ·

459 2033 494 2110 a)
521 2028 570 2090 Ex
596 2023 738 2117 quinque
763 2020 883 2110 sigillis
910 2025 1060 2108 appensis
1087 2023 1284 2112 sigillum
1258 2049 1325 2091 sive
1349 2025 1439 2088 bulla
1465 2025 1555 2123 regis
1571 2024 1683 2106 periit,
1712 2045 1769 2110 aps

517 2135 651 2208 parente
685 2123 752 2186 eius
788 2119 948 2183 fissura'
938 2147 973 2186 m
1007 2135 1094 2206 parte
1128 2120 1292 2187 inferiori
1310 2127 1516 2188 membranae
1546 2115 1764 2204 complicatae.

519 2226 663 2308 Quatuor
689 2221 812 2303 reliquo
831 2221 943 2308 sigilla
969 2225 1150 2305 appendent
1176 2247 1215 2286 ex
1235 2247 1289 2312 seg
1293 2227 1409 2289 mentis
1427 2223 1695 2288 membranaceis·
1715 2245 1766 2288 se·

518 2323 660 2384 cundum
686 2319 920 2402 archiepiscopi
937 2323 1214 2410 salzburgensis
1204 2347 1240 2386 m
1268 2325 1435 2388 omninno
1461 2325 1604 2400 laesum3
1630 2322 1763 2386 tertium

518 2421 699 2484 Gebehsrdi
723 2419 919 2482 Pntviensis
946 2424 1085 2504 episcopi
1109 2424 1145 2485 iu
1173 2445 1227 2484 ors
1252 2421 1397 2486 inferiori
1431 2425 1571 2499 laesum·
1612 2435 1763 2505 quartum

519 2519 651 2602 capituli
677 2517 887 2594 Pstnviensis,
914 2522 1172 2586 tantummodo
1161 2545 1196 2584 ιιι
1224 2543 1277 2583 oro
1303 2525 1432 2586 sinistro
1450 2521 1615 2588 nonnihil
1621 2523 1765 2596 leesunu

485 2639 489 2649 ¹
518 2619 671 2701 quintum
694 2618 875 2680 Hermenni
902 2623 1103 2685 marchionis
1124 2623 1162 2684 de
1187 2622 1296 2684 Boden
1323 2632 1487 2708 equestre,
1518 2607 1554 2684 in
1578 2620 1671 2685 omni
1697 2619 1766 2684 fere

519 2737 574 2778 orn
598 2717 735 2784 lassum.

458 2866 491 2953 d)
517 2873 645 2934 Annum
673 2892 741 2934 non
768 2893 952 2957 expressum
980 2877 1099 2940 indicet
1126 2877 1284 2954 indictio,
1312 2887 1341 2942 et
1368 2875 1497 2958 quidem
1524 2886 1686 2952 caesores,
1711 2875 1768 2940 eui

518 2965 604 3034 feret
628 2969 768 3052 diploma
794 2975 934 3036 eiusdem
961 2975 1045 3062 regis
1077 2990 1105 3039 1..
1129 2976 1414 3064 Decemb91224.
1447 2975 1679 3063 Norimbergoe
1714 2976 1768 3036 du·

516 3081 585 3130 tum
612 3089 661 3150 sp.
688 3073 835 3136 Dumont
863 3075 885 3136 t.
920 3073 990 3140 162.
1018 3074 1096 3138 Urk.
1126 3087 1204 3142 sot.
1230 3087 1442 3137 memoratum
1469 3094 1521 3158 ep.
1542 3077 1765 3141 RcumcrHo·

448 3236 453 3244 ,
517 3165 707 3254 ὴριιιιιιιῑειι
732 3173 775 3233 11.
803 3183 876 3240 583.

414 3331 420 3344 ⁴
468 3331 494 3412 c)
521 3327 696 3425 lneditum.¹
