3772 4722
618 307 950 415 &Anthentice
1084 375 1091 384 -
1286 355 1333 370 ”
1412 254 1545 430 233¹

188 559 221 642 b)
248 561 384 628 indictio
422 559 582 625 ordinaria
622 582 708 626 euno
742 565 817 628 Chr.
860 577 954 634 1230.
992 566 1167 644 convenit,
1202 587 1282 650 quae
1318 589 1359 634 ex
1386 585 1495 636 noetro

247 673 400 746 computu
445 659 511 726 diei
544 662 659 726 ultimo
691 666 813 730 menaia
846 666 1033 731 Decembris
1066 687 1153 732 euno
1197 667 1270 732 Chr.
1309 681 1406 740 1234.
1446 693 1495 737 re·
1593 729 1599 740 .

248 764 400 846 apondcta
423 781 549 826 eanum
576 763 663 828 enirn
689 764 815 850 antiqui
840 785 914 829 cnm
940 769 1010 850 ipea
1033 767 1212 834 indictione
1237 769 1493 844 ordinaturos.
1619 787 1624 796 ’

247 861 401 930 Decemb.
426 861 630 928 inchoabant.

184 1025 214 1098 c)
241 1019 372 1082 Editnnt
401 1018 437 1082 in
465 1017 578 1086 octale
603 1040 665 1086 ter.
693 1042 719 1082 r.
747 1019 836 1084 Boic.
865 1021 905 1082 11.
934 1026 988 1086 ut.
1016 1033 1056 1086 et·
1072 1020 1107 1084 in
1134 1021 1228 1092 Mon.
1244 1023 1333 1094 ltoic
1350 1029 1403 1092 VI.
1423 1039 1495 1097 210.
1592 1089 1595 1096 .

250 1141 340 1186 num.
369 1132 422 1184 40.
1442 1151 1447 1162 ’

184 1273 220 1356 d)
249 1273 294 1336 Ad
319 1273 484 1362 negotium
512 1272 620 1357 ipsum
646 1276 826 1363 pergrande
858 1274 1038 1338 advocatiae
1064 1277 1332 1364 Tegemaecueia,
1371 1293 1497 1364 praeter

248 1373 308 1437 hoc
334 1373 492 1456 diploma,
517 1387 662 1458 epectaut
687 1377 768 1438 aliae
794 1375 856 1439 dno
871 1373 1028 1438 Friderici
1053 1377 1093 1436 11.
1120 1377 1199 1460 imp.
1221 1379 1391 1462 epietolae,
1416 1403 1496 1466 qnee

247 1472 408 1537 babentur
433 1473 468 1538 in
496 1477 606 1540 eodem
628 1477 722 1538 Tom.
744 1475 837 1537 Mon.
854 1473 943 1541 Boio.
971 1487 1049 1558 200.
1077 1497 1168 1540 num.
1197 1489 1495 1561 30.11211.1111111.

246 1586 299 1640 41.
352 1576 535 1639 Notandum
565 1577 770 1658 praeprimis,
807 1594 936 1638 vacaeee
973 1589 1051 1640 tunc
1082 1577 1279 1644 advocatiam
1313 1583 1498 1648 monaaterii

246 1673 344 1738 huiua
371 1695 411 1738 ex
436 1675 523 1739 obitu
551 1675 677 1738 Ottonie
704 1675 730 1742 1.
756 1674 844 1739 dacia
867 1673 1056 1752 Meuaniae,
1083 1677 1194 1740 eodem
1222 1699 1308 1743 anno
1341 1693 1434 1748 1234.
1466 1679 1495 1744 6.
1591 1741 1596 1758 ,

246 1773 332 1836 Maii
356 1775 510 1853 defuncti,
538 1777 594 1860 qui
620 1775 726 1838 filium
751 1777 885 1838 unicum
908 1776 1061 1842 Ottoncm
1078 1777 1130 1856 lb,
1157 1779 1332 1866 reliqueret
1357 1783 1413 1846 aed
1438 1783 1498 1846 11ιί·

248 1897 428 1942 norannem
456 1889 487 1943 et
510 1877 570 1946 tub
595 1875 695 1942 tutela
721 1877 943 1942 conetitntnm.

636 2221 1009 2400 Dccxxxu

420 2461 539 2522 -duno
570 2467 664 2524 1234.
717 2471 769 2526 31.
796 2456 997 2525 Decembria.
1048 2455 1175 2546 Papiae.

121 2653 371 2745 Fridcricua
399 2651 452 2740 ΙΙ.
479 2653 733 2768 imperator,
779 2653 927 2740 Ottoni
939 2718 953 2760 ,
994 2652 1082 2740 filio
1123 2651 1243 2740 ducis
1282 2653 1500 2768 quondam

122 2775 369 2880 Meuaniae,
414 2789 455 2855 ct
495 2771 699 2876 Alberto,
756 2771 900 2856 comiti
944 2769 1202 2882 Tyrolcnei,
1249 2773 1501 2858 sententiam

121 2892 369 3008 principum
414 2890 457 2975 in
503 2887 698 2974 favorem
742 2887 945 2974 ecclesiae
981 2886 1313 3004 Tegerneecnaie
1358 2888 1500 2998 latam,

182 3009 411 3116 nuncians,
443 3006 671 3122 praecipit,
701 3025 750 3092 ut
779 3035 804 3093 1
833 3005 1018 3092 laesione
1049 3024 1093 3092 ct
1120 3006 1344 3094 vexatione
1365 3007 1443 3093 im-

445 3125 629 3240 petendo
660 3123 983 3212 advocationem
1014 3143 1191 3212 cessent„

187 3356 222 3428 a)
252 3345 424 3435 Sigillum,
451 3347 535 3430 quod
561 3345 777 3428 appendebat,
814 3345 929 3430 periit,
963 3345 1030 3410 aula
1056 3355 1153 3408 reetat
1178 3343 1295 3408 iuciaic
1321 3343 1442 3428 duplex
1465 3347 1501 3410 in

251 3445 365 3512 intima
392 3459 479 3532 perte
505 3445 710 3509 membranae
736 3447 958 3528 complicatae,
999 3457 1072 3526 apta
1104 3455 1273 3533 eegmento
1303 3443 1504 3510 membrana·

254 3569 330 3623 ceo,
357 3547 442 3634 qnod
468 3559 575 3611 tamen
602 3545 755 3610 similiter
780 3545 887 3628 periit.
1397 3553 1407 3572 '

193 3701 226 3783 b)
252 3701 389 3766 Indictio
415 3701 575 3765 ordinaria
600 3700 689 3762 iuxta
716 3699 885 3784 antiquum
913 3712 1098 3782 computum
1126 3719 1200 3760 cnm
1233 3700 1304 3780 ipro
1335 3680 1421 3762 duno
1454 3699 1528 3759 ira-²
1601 3687 1611 3708 ⁸

253 3803 379 3884 cipicna
403 3823 526 3864 annum
554 3812 701 3865 nostrum
732 3811 816 3868 1234
843 3801 977 3876 indicat,
1004 3821 1100 3884 quem
1126 3798 1254 3881 antiqui
1281 3811 1331 3866 25.
1351 3799 1503 3864 Decemb.

255 3901 461 3966 inchoabant.

191 4081 220 4154 e)
250 4071 441 4172 Editum'in
467 4071 561 4146 Mon.
587 4071 676 4136 Boic.
702 4071 756 4136 vl.
784 4081 859 4155 200.
887 4093 976 4136 uum.
1004 4085 1056 4155 30.

181 4197 249 4246 ι...
264 4195 331 4242 noo.
347 4195 402 4242 aar.
417 4194 481 4239 m
497 4207 539 4240 m
553 4192 699 4238 cumo-u
718 4205 792 4236 uva·
808 4193 853 4238 ua.
972 4220 977 4229 ,
1249 4176 1296 4243 30
