3772 4722
319 435 324 442 ¹
402 329 487 438 toa
700 389 705 400 .
790 319 1035 437 Diplomata
1064 317 1377 430 Imperatorum

397 558 594 627 uoluntate.
645 559 731 624 ltem
757 554 795 622 in
816 555 1030 627 Ciuitatibus
1057 557 1190 625 nostris
1216 555 1320 624 nouis
1345 552 1692 628 bannitummiliare
1712 553 1775 638 de·

395 667 564 750 ponatur.
616 659 705 726 Item
738 657 983 748 vnusquisque
1011 657 1217 746 Principum
1250 654 1476 722 libertatibus
1510 654 1777 726 Jurisdictioui·

397 759 465 826 bus
494 757 730 826 comitatibus
759 757 878 824 Gentis
905 759 973 825 sihi
1001 757 1125 825 liberis
1152 759 1211 824 uel
1229 755 1421 822 lnfeodatis
1442 763 1563 820 utetur
1579 755 1701 846 quiete
1722 777 1776 824 se·

399 857 556 926 cundum
583 869 679 926 terre
706 879 767 924 sue
796 843 1089 926 bonsuetudinem
1117 858 1364 946 approbatam.
1399 856 1485 921 ltem
1499 855 1777 944 Centumgrnuii

400 958 576 1048 recipiant
591 960 722 1026 Cantas
743 981 764 1024 a
780 957 927 1026 domino
954 968 1050 1026 terre
1078 961 1135 1024 uel
1163 959 1208 1024 ab
1229 956 1353 1046 coqui
1374 977 1439 1043 per
1456 955 1775 1051 dominum-'Perre

396 1056 508 1126 fuerit
537 1057 750 1125 infeudatus.
804 1061 890 1125 ltem
917 1061 1036 1126 locum
1064 1061 1174 1126 Caute
1202 1078 1306 1124 nemo
1330 1055 1483 1123 mutabit
1500 1055 1776 1133 sinocnnsenau
1880 1085 1882 1106 ι

397 1157 533 1225 domini
561 1163 681 1226 Terre.
734 1160 824 1224 ltem
852 1159 895 1224 ad
923 1160 1051 1226 Genius
1079 1179 1185 1224 nemo
1215 1157 1392 1224 sinodalis
1417 1166 1578 1222 uocetur.
1614 1157 1705 1224 Item
1727 1157 1776 1222 ci·
1880 1217 1882 1250 ἒ

396 1279 461 1326 ues
486 1259 548 1348 qui
564 1257 810 1344 Phalhurgere
838 1258 1005 1325 dicuntur
1032 1258 1174 1347 penitus
1201 1257 1386 1324 eiciantur.
1437 1255 1526 1322 ilem
1555 1259 1681 1323 census
1695 1257 1775 1324 vini
1880 1253 1882 1276 ¹

398 1359 551 1448 pecunie
578 1357 750 1424 frumenti
777 1360 835 1424 uel
862 1359 921 1425 alii
949 1371 1039 1449 quus
1064 1355 1204 1424 Rustici
1231 1357 1507 1424 constituerunt¹
1524 1345 1697 1423 hactenus
1735 1377 1774 1423 se
1880 1355 1882 1382 ¹

397 1458 579 1526 soluturos
607 1461 815 1525 relaxentur
841 1467 876 1524 et
901 1459 1053 1525 ulterius
1079 1481 1151 1524 non
1178 1458 1409 1546 recipiantur.
1462 1457 1549 1522 ltem
1562 1453 1775 1544 Principum

395 1557 574 1624 nobilium
601 1569 637 1624 et
663 1558 950 1624 ministerialium
977 1560 1209 1624 ecclesiarum
1236 1556 1405 1624 Homines
1432 1555 1570 1644 proprii
1610 1556 1646 1622 in
1676 1557 1774 1622 Ciui·

395 1656 529 1723 tutibus
564 1657 697 1724 nostris
731 1679 804 1722 non
839 1659 1073 1746 recipiantur.
1125 1660 1212 1740 ltam
1236 1657 1463 1745 Principibus
1489 1655 1678 1722 Nobilibus
1706 1656 1775 1722 tui-
1881 1677 1882 1746 j

395 1751 640 1824 materialibus
675 1765 710 1822 et
735 1745 904 1836 Ecclesiis
931 1759 1172 1845 Proprietatas
1208 1769 1243 1824 et
1277 1755 1385 1823 seoda
1417 1777 1482 1843 per
1509 1755 1681 1822 Ciuitates
1709 1779 1775 1825 no-

396 1863 489 1921 atras
522 1867 696 1944 occupata
726 1862 959 1923 restituantur
991 1880 1058 1925 nec
1093 1858 1252 1936 ulterius¹
1277 1866 1508 1942 occupentur.
1562 1859 1648 1922 ltem
1673 1855 1773 1924 fion-
1880 1909 1882 1942 r

397 1953 546 2022 ductum
571 1955 778 2044 Principum
806 1980 871 2048 per
897 1968 1031 2023 terram
1059 1978 1185 2023 corum
1214 1981 1320 2047 quum
1349 1957 1391 2022 de
1419 1979 1526 2022 manu
1560 1967 1684 2023 nostru
1723 1965 1773 2023 te·
1880 1955 1882 1982 ¹

395 2062 482 2122 nent
509 2052 544 2122 in
571 2056 687 2123 feodo.
718 2058 774 2124 uel
803 2079 868 2146 per
892 2078 958 2124 nos
986 2060 1044 2126 uel
1071 2079 1136 2144 per
1162 2069 1303 2124 nostros
1331 2077 1402 2122 non
1436 2056 1673 2144 impediemus
1708 2059 1771 2123 uel

392 2149 546 2244 infringi
571 2157 766 2245 paciemur.
820 2157 908 2224 ltem
936 2179 1008 2224 nun
1033 2158 1309 2245 Compellnntur
1335 2179 1399 2244 per
1420 2157 1595 2222 Scultetos
1623 2165 1771 2224 nostros

395 2253 440 2321 ad
466 2252 746 2348 requisicionem
772 2277 898 2323 eorum
925 2281 995 2347 que
1022 2280 1042 2324 a
1069 2258 1267 2347 longinquo
1295 2267 1456 2344 tempore
1483 2255 1528 2320 nb
1561 2256 1771 2323 bominibus

340 2379 342 2386 ·
394 2367 609 2444 receperant
643 2357 854 2445 priusquam
887 2379 925 2424 se
961 2355 996 2423 in
1031 2359 1163 2424 nostris
1191 2357 1404 2423 Ciuitatibus
1438 2357 1666 2422 collocarent.
1699 2355 1770 2422 nisi

299 2534 304 2543 1
394 2455 559 2522 homines
588 2456 658 2544 ipsi
685 2453 817 2521 fuerint
843 2456 999 2545 lmperiu
1024 2455 1229 2524 immediate
1256 2456 1405 2522 subiecti
1434 2476 1522 2546 quos
1548 2455 1771 2542 tenebuntur
1881 2487 1882 2544 3

393 2553 515 2622 iurare
542 2556 701 2638 (iuuare)
729 2577 839 2642 super
865 2578 992 2624 eorum
1020 2557 1109 2623 iure.
1139 2556 1173 2622 in
1203 2556 1282 2622 foro
1309 2577 1435 2622 eorum
1462 2557 1498 2621 in
1525 2577 1680 2644 quorum
1699 2565 1770 2620 ter·
1881 2567 1882 2572 ’

394 2655 447 2722 ris
472 2655 554 2722 talin
580 2665 662 2721 sunt
689 2667 867 2744 percepta.
920 2659 1008 2723 ltem
1037 2657 1073 2722 in
1101 2656 1312 2723 Ciuitatibus
1345 2657 1475 2722 nustria
1512 2657 1629 2721 nullus
1655 2657 1769 2720 'Perre
1881 2695 1882 2702 .

396 2754 625 2844 dampnosus.
662 2757 718 2822 uel
753 2778 773 2821 a
806 2751 924 2824 iudice
958 2757 1188 2846 dampnatus,
1223 2759 1283 2823 uel
1310 2756 1543 2844 proscriptus.
1571 2754 1770 2843 recipiatur

395 2855 559 2924 scienter.
586 2855 744 2946 Recepti.
772 2856 938 2925 conuicti.
967 2859 1153 2925 eiciantur.
1203 2860 1291 2924 ltam
1318 2859 1452 2924 nullum
1486 2877 1617 2923 nouam
1644 2856 1769 2922 tttone-
1881 2919 1882 2922 ,

393 2965 467 3023 tum
494 2955 530 3021 in
558 2959 669 3022 Terra
694 2957 844 3024 alicuius
872 2958 1047 3045 Principis
1075 2957 1156 3024 cudi
1183 2956 1354 3023 faciemus
1383 2979 1449 3045 per
1485 2979 1593 3047 quam
1621 2956 1771 3026 ltluneta

395 3055 557 3123 eiusdem
582 3053 759 3142 Principis
787 3056 1039 3124 deterioretur.
1092 3057 1180 3122 ltem
1208 3058 1379 3123 Ciuitates
1406 3055 1769 3124 nostreJurisdictio·

394 3175 478 3220 nem
504 3173 605 3220 auam
632 3155 726 3219 ultra
754 3153 918 3222 Ciuitatis
943 3156 1117 3221 ambitum
1145 3177 1216 3222 uon
1242 3156 1435 3223 extendant
1458 3157 1524 3224 nisi
1547 3155 1589 3222 ad
1608 3149 1770 3247 nos‘per-
1881 3165 1882 3188 ¹

395 3249 507 3320 lineat
532 3251 743 3320 iurisdictio
771 3251 949 3350 specialis.
1003 3259 1090 3322 ltem
1119 3256 1154 3321 in
1182 3254 1398 3324 Ciuitatibus
1427 3257 1557 3324 nostris
1584 3265 1685 3324 actor
1718 3255 1772 3322 so·
1798 3329 1823 3351 ,ι
1881 3283 1882 3338 i

397 3374 478 3419 rum
505 3352 559 3418 rei
585 3361 769 3442 sequetur.
797 3355 974 3457 nisireus
997 3357 1055 3422 ucl
1082 3355 1226 3424 debitor
1253 3357 1461 3446 principalis
1487 3355 1622 3422 ibidem
1659 3354 1769 3422 fuerit
1881 3423 1882 3426 ,

396 3452 565 3519 inuentus
591 3475 663 3543 quo
691 3474 774 3521 casu
801 3455 851 3522 ibi
877 3456 1061 3522 tenebitur
1088 3457 1316 3546 respondere.
1370 3461 1456 3524 ltem
1485 3479 1591 3523 nemu
1618 3454 1771 3545 recipiat

290 3619 296 3629 ,
395 3552 433 3619 in
460 3551 613 3643 pignore
639 3553 735 3621 bonu
761 3557 892 3645 quibus
918 3557 979 3646 qui
1008 3556 1209 3624 infeudatus
1231 3558 1289 3642 sit,
1318 3557 1393 3624 sine
1413 3577 1590 3624 consensu
1608 3566 1643 3623 et
1659 3577 1769 3622 mauu
1880 3611 1882 3620 .

396 3650 534 3720 domini
560 3649 783 3743 Principalis.
834 3660 922 3723 Item
950 3656 994 3723 ad
1021 3679 1129 3744 opera
1158 3658 1351 3724 Ciuitatum
1378 3660 1496 3724 nullus
1522 3667 1674 3746 cogatur
1698 3655 1769 3724 uisi

396 3751 440 3819 de
468 3751 546 3818 iure
573 3763 748 3820 teneatur.
801 3757 888 3823 Item
915 3757 1080 3826 homines
1105 3759 1143 3824 in
1171 3758 1303 3824 nostris
1319 3755 1532 3826 ciuitatibus
1558 3757 1766 3824 residentes.

396 3863 567 3919 consueta
593 3864 629 3921 et
656 3854 776 3921 debita
803 3856 882 3924 iura
909 3855 952 3922 de
979 3857 1084 3924 honis
1111 3868 1215 3924 extra
1241 3857 1433 3924 Ciuitatem
1459 3859 1532 3925 suis
1561 3857 1717 3926 dominis
1732 3865 1767 3930 et

393 3949 576 4040 aduocatis
614 3955 837 4043 persoluent.·
868 3979 984 4047 neque
1024 3956 1194 4026 indebitis
1235 3958 1482 4024 exactionibus
1518 3960 1765 4027 molestentur.

326 4073 332 4086 “
392 4049 482 4120 Item
513 4054 676 4124 homines
712 4057 852 4148 proprii
886 4056 1099 4124 aduocaticii
1134 4055 1293 4125 feodales
1330 4057 1392 4148 qui
1419 4058 1464 4126 nd
1490 4057 1767 4126 dominos-suos

662 4169 670 4176 ’
1611 4155 1765 4225 transire
