3804 4718
408 293 500 403 114'
790 309 1034 426 Diplomata
1062 308 1375 427 Imperatorum

429 589 433 603 ι
519 533 986 632 lum·imperatoris·nondurn
1009 543 1194 629 expriment
1216 545 1447 627 possessionem
1472 545 1566 636 regni
1577 547 1767 625 Jerusalem,

510 661 617 734 'quarn
642 647 821 710 Friderieua
845 647 887 711 ΙΙ.
912 647 976 708 iam
1002 665 1055 708 an.
1085 655 1169 713 1225
1197 647 1307 710 meu'se
1324 645 1481 709 Novemb.
1505 649 1694 713 consecutus
1711 659 1767 712 e'st.

524 749 656 812 Obstare
681 747 810 830 quidem
833 747 962 833 ridetur
986 744 1092 808 littera
1106 745 1241 810 initialis
1261 747 1433 830 praepositi
1444 747 1696 826 Raushoreusis,
1712 747 1766 824 H„

523 867 595 910 tum
622 847 794 910 Heinricus
819 845 1017 928 praepositus
1042 845 1128 909 inter
1149 863 1204 911 an.
1232 857 1468 914 rato-1245
1494 845 1767 914 illi'monasterio

523 945 699 1030 praefuisse
723 945 855 1039 legatur*
872 947 909 1008 in
936 945 1085 1033 Catalogo
1111 945 1362 1027 praepositorum
1388 945 1551 1015 danaber.
1569 947 1767 1037 Monlluic.

520 1048 579 1108 Ill.
608 1057 684 1114 255.
713 1059 743 1110 et
766 1047 803 1108 in
828 1045 939 1110 Hand.
965 1057 1056 1107 metr.
1081 1044 1359 1110 111.edit..M0n.
1385 1057 1459 1114 202.
1487 1047 1561 1110 edit.
1587 1050 1660 1111 uu.
1690 1059 1766 1113 lto·

397 1185 401 1193 -
426 1185 431 1218 :
521 1148 640 1212 Verum
663 1147 770 1229 potior
783 1143 873 1211 -lides
898 1143 1184 1228 diplomatijquem
1209 1144 1293 1208 dieto
1319 1146 1470 1236 catalogo
1492 1145 1637 1210 habenda
1662 1147 1734 1212 enit.

469 1307 501 1384 e)
528 1299 721 1364 Editurn-in
747 1293 842 1363 Mo'n.
866 1297 954 1362 Bois.
980 1297 1038 1359 111.
1066 1309 1139 1364 331.
1165 1319 1258 1364 num.
1291 1309 1342 1368 18.
1369 1279 1417 1362 ad¹
1432 1271 1630 1378 en.'1238.,
1656 1313 1704 1365 ast
1722 1321 1769 1364 er·

503 1419 632 1478 ‘renea
658 1411 695 1464 ut
719 1420 760 1466 ax
784 1399 876 1466 dietis
900 1399 1026 1482 li'quet3¹
1047 1395 1104 1460 ubi
1127 1396 1228 1463 simul
1251 1397 1340 1464 linea
1366 1399 1423 1468 ult.
1439 1400 1502 1488 leg.
1518 1401 1561 1462 H.
1575 1400 1766 1482 (Heinrici).
1890 1385 1892 1432 ²

957 1731 1201 1840 noum.
1393 1795 1399 1804 «
1487 1730 1551 1904 -j

744 1972 837 2031 Aureo
868 1975 969 2032 tart·
1025 1977 1053 2031 t.
1079 1964 1231 2033 Februar.
1282 1964 1418 2048 Capuae.

401 2154 645 2244 Fridericus
684 2157 736 2245 H.
774 2161 1006 2272 imperator
1043 2158 1352 2243 monasterium
1393 2158 1447 2268 de
1485 2161 1769 2271 Waltsahsen
1812 2209 1815 2216 Δ

508 2279 608 2362 oum
636 2275 758 2363 bonis
789 2277 878 2362 eius
909 2275 989 2360 sub
1020 2302 1100 2408 sua
1126 2293 1169 2408 et
1196 2275 1363 2389 imperii
1392 2278 1655 2390 protectione

991 2408 1176 2506 suscrpat.

399 2558 627 2692 Friderieus
653 2621 710 2712 ‹lej
738 2579 853 2713 gratia
877 2624 1121 2692 Romanorum
1148 2595 1349 2712 Imperator
1370 2620 1521 2712 Semper
1538 2625 1719 2714 Augustus
1733 2638 1771 2696 et

272 2783 274 2788 -
400 2735 482 2808 Rex
505 2736 648 2827 Sycilis.
698 2741 767 2810 Per
792 2760 940 2834 presens
965 2739 1138 2829 seriptum
1164 2738 1299 2806 Notum
1326 2735 1674 2824 iacimus-vuiuersis
1694 2749 1768 2812 tarn
1808 2791 1813 2796 -

399 2837 628 2926 presentibus
660 2861 768 2932 quam
800 2839 942 2910 futuris.
976 2839 1073 2931 quod
1102 2859 1167 2908 nos
1192 2835 1419 2907 attendentes
1444 2840 1632 2906 honestam
1656 2839 1771 2912 uitam

401 2945 437 3002 et
472 2937 691 3009 laudabilem
725 2939 1037 3028 conuersationem
1069 2937 1285 3007 venerabilis
1311 2937 1460 3006 Abbatis
1494 2937 1701 3014 Conuentus
1735 2953 1773 3008 et

401 3036 613 3127 Monaeterij
639 3039 683 3106 de
710 3039 936 3110 waltsabsen.
963 3034 1082 3126 ipsum
1107 3036 1365 3106 Monastsrium
1391 3057 1471 3104 cum
1505 3037 1672 3106 omnibus
1706 3040 1772 3110 bo·

401 3135 458 3203 nis
484 3136 558 3206 suis
583 3139 771 3206 stabilibus
795 3147 830 3204 et
855 3135 1050 3204 mobilibus
1076 3159 1147 3226 que
1173 3157 1269 3203 nune
1295 3135 1386 3203 iuste
1406 3133 1589 3226 possident
1607 3137 1692 3217 etin
1708 3161 1772 3229 po·

402 3243 538 3303 starum
563 3234 670 3304 dante
695 3235 842 3304 domino
867 3235 969 3304 iustis
995 3235 1111 3303 modis
1144 3245 1316 3325 poterunt
1350 3234 1509 3329 adipisci.
1544 3235 1611 3303 sub
1646 3251 1771 3309 nostra

403 3343 445 3418 et,
465 3335 610 3423 Imperii
641 3334 1118 3426 'protectione-auseipimus
1145 3336 1347 3404 statuentes
1380 3344 1415 3402 et
1441 3335 1621 3424 imperiali
1650 3338 1769 3410 edicto

400 3432 555 3502 firmiter
586 3431 863 3511 inhibeamus
881 3435 939 3527 ,de
965 3447 1087 3504 cetero
1113 3437 1212 3506 nulla
1237 3457 1392 3526 persona
1415 3435 1549 3524 Magus
1572 3437 1631 3502 uel
1657 3460 1771 3527 parua

401 3535 649 3604 Ecclesiastico
674 3538 734 3605 uel
761 3535 941 3604 Secularis
966 3545 1091 3604 contra
1115 3537 1221 3604 huius
1248 3544 1371 3604 nostre
1404 3533 1639 3623 protectionis
1673 3542 1771 3628 pagi.

401 3655 484 3703 nam
518 3634 653 3704 dietum
680 3637 904 3706 Gonueutum
939 3645 976 3704 et
998 3636 1257 3704 Mouasterium
1289 3643 1540 3702 memoratum.
1575 3629 1612 3700 in
1647 3638 1770 3731 aliquo
1803 3629 1814 3642 ’

400 3733 596 3804 molestare
629 3735 757 3806 audeat
788 3737 847 3804 uel
882 3744 1077 3827 presumat.
1128 3729 1353 3829 Quicumque
1380 3741 1498 3802 autem
1524 3729 1595 3803 hoo
1621 3744 1772 3830 attemp.

402 3843 480 3901 tare
506 3838 766 3930 presumpserit
789 3837 880 3905 iram
907 3843 942 3902 et
967 3834 1250 3931 indignationem
1277 3843 1436 3901 nostram
1463 3853 1500 3901 se
1527 3836 1670 3903 nouerit
1690 3861 1770 3927 gra·

403 3933 500 4002 niter
525 3936 763 4006 incursurum.
808 3939 906 4004 Data
932 3935 1053 4026 Capue
1080 3934 1259 4003 dominice
1285 3927 1543 4000 lucei-nationis
1567 3933 1770 4008 Milleeimo.

304 4051 330 4062 ··
403 4035 667 4108 Ducentesimo.
693 4035 866 4108 vicesimo
893 4035 1018 4105 tercio.
1055 4033 1223 4103 Kalendis
1247 4031 1447 4121 Februarij.
1484 4033 1691 4104 indietione.
1719 4041 1769 4109 xi.
