3746 4720
683 285 949 378 tuumne
1099 336 1102 342 .
1414 259 1544 390 ποτ’

137 519 304 620 quiequid
330 517 470 590 ratione
496 518 586 591 iuris
611 519 688 591 siue
713 521 861 610 perine
891 520 936 590 de
970 517 1141 612 predictis
1174 523 1392 614 pignoribus
1421 551 1502 620 per·

137 623 264 694 diderit
296 617 341 688 de
374 619 541 690 omnibus
573 619 857 712 proprietatibus
890 613 1024 690 nostris
1058 643 1148 715 quae
1179 618 1252 692 tarn
1285 621 1355 716 ipsi
1391 650 1500 720 quam

136 722 236 810 tratri
262 741 329 788 ano
353 729 436 809 post
459 730 625 792 nostrum
652 721 790 789 obitum
818 720 847 790 si
874 721 953 792 eine
985 721 1088 792 libris
1112 721 1284 813 legitimis
1310 724 1502 800 decesseri·

136 844 213 892 mne
238 819 468 906 domuimus,
506 820 552 912 de
576 819 740 910 predicta
763 821 938 911 peccunia
963 821 1034 890 eibi
1062 832 1099 890 et
1130 823 1203 920 sepe
1229 823 1425 898 heredibus
1449 851 1504 898 re·

25 940 29 950 ·
118 919 379 1012 'compensatio
404 921 509 1007 plena
532 893 595 987 irat
620 929 703 990 ante
729 941 855 1012 quam·
871 922 968 990 inter
999 922 1186 1010 predictos
1214 925 1410 996 Awncnlos
1435 949 1500 997 no·
1593 953 1628 975 ·-

135 1032 225 1092 atros
248 1016 463 1090 Ludwicvm
488 1029 525 1088 et
550 1013 762 1088 Heinricum
788 1020 909 1113 aliqua
930 1019 1061 1090 diuisio
1078 1020 1123 1090 de
1143 1020 1317 1110 predictis
1335 1018 1516 1121 propriu'

4 1133 5 1136 ’
136 1121 265 1190 tatibus
286 1117 472 1187 habeatur.
523 1116 578 1186 Ad
602 1119 707 1188 huius
733 1119 856 1214 itaque
881 1119 935 1188 rei
962 1121 1210 1216 memorialem
1227 1123 1503 1196 obseruanciam

64 1257 66 1260 ·
101 1243 106 1250 ·
137 1229 170 1290 et
193 1217 294 1310 pleni
317 1218 461 1287 roboris
486 1215 696 1288 firmitatem
726 1238 875 1310 presens
909 1220 1085 1312 seriptum
1116 1219 1201 1290 inde
1235 1221 1315 1292 fieri
1348 1221 1502 1298 fecimus

4 1369 5 1374 ,
135 1307 169 1389 et
193 1319 333 1410 sygillo
358 1327 481 1386 nostre
507 1313 729 1388 celsitudinis
753 1319 969 1417 communiri
1003 1341 1087 1390 curn
1111 1321 1264 1392 testibus
1290 1323 1501 1396 subnotatis.

4 1497 5 1510 χ
136 1417 194 1514 qni
220 1427 328 1516 eunt.
376 1416 583 1488 Fridericus
621 1419 705 1487 Dux
741 1419 896 1488 Austrie.
945 1420 1117 1492 Albertns
1156 1423 1362 1513 prepositus
1399 1425 1503 1494 lllen·
1544 1502 1546 1510 ¹

4 1517 7 1594 ἓ
136 1515 369 1610 munstreneis
394 1518 564 1586 Albertus
589 1518 847 1590 heremannus
866 1517 1058 1601 Hainriene
1086 1519 1314 1594 Camerarius
1347 1522 1394 1600 da
1426 1523 1503 1594 Pri·

136 1619 257 1710 singen
284 1617 428 1714 ‚ulricus
469 1616 514 1686 de
547 1617 783 1688 Memendorf
810 1617 1015 1691 Fridericus
1054 1631 1092 1689 et
1132 1620 1321 1694 conradus
1359 1621 1502 1693 Notarii

136 1717 237 1786 curie
266 1726 401 1786 nostre.
453 1720 581 1786 Actum
608 1728 644 1788 et
668 1721 801 1786 Datum
826 1739 962 1798 verone
988 1719 1086 1810 apud
1120 1730 1284 1790 sanctum
1314 1717 1501 1792 Zenonem

134 1819 232 1886 Anno
273 1809 410 1897 domini
443 1815 635 1888 Millesimo
672 1818 939 1891 Ducentesimo.
1002 1817 1122 1910 vaiij
1163 1819 1305 1892 decimo
1342 1821 1504 1914 January

134 1913 342 1992 Indictionie
367 1915 576 1988 Vndecime.

192 2195 224 2271 e)
250 2187 411 2274 Sigillum
437 2141 586 2254 ilicetum
614 2167 772 2272 appendet
796 2211 837 2252 ex
860 2187 925 2257 fllia
950 2181 1060 2256 sericis
1086 2191 1177 2254 rubri
1205 2188 1330 2256 celcris.

195 2339 223 2424 i)
250 2340 397 2407 Indictio
423 2307 574 2406 convenit
598 2363 671 2408 cum
698 2347 792 2408 Anno
820 2343 878 2408 ch.
905 2343 1046 2409 indicato
1076 2342 1170 2414 1268.

204 2502 230 2579 e)
254 2495 422 2559 Ineditnm
446 2495 558 2560 saltem
593 2497 629 2560 in
663 2497 725 2562 hac
758 2497 873 2564 forme.
933 2499 1017 2565 Nem
1051 2499 1218 2584 displicuit
1251 2499 1313 2564 hoc
1345 2503 1508 2586 exemplar

122 2645 138 2679 „
256 2595 412 2660 creditori
436 2607 468 2660 et
495 2597 700 2684 obligationis
733 2599 874 2664 chartam
908 2599 1095 2682 impetranti
1127 2602 1280 2665 Lndwicn
1315 2603 1404 2666 Com.
1430 2603 1507 2686 pub.

256 2695 368 2760 Rheni
381 2693 402 2768 ‚'
416 2695 492 2758 duci
515 2697 697 2774 Bawariee,
725 2711 837 2779 atque,
862 2699 936 2784 eine
955 2698 1113 2764 dnbic'ex
1131 2701 1199 2764 eins
1219 2701 1391 2782 pensione,
1417 2701 1506 2766 aliud
1580 2723 1593 2732 ·

257 2791 460 2858 emendatius
486 2793 740 2860 instrumentum
765 2795 830 2860 fuit
862 2797 1145 2882 supperadditum,
1175 2799 1217 2862 ab
1248 2800 1311 2864 hoc
1343 2798 1387 2862 in.
1405 2799 1506 2882 pluri·

253 2893 318 2956 bna
342 2892 420 2956 loeis
445 2913 512 2956 non
544 2905 670 2960 tantum
704 2895 935 2960 vocabulorum
967 2897 1220 2976 constructione,
1253 2897 1309 2964 aed
1340 2898 1438 2964 etiam
1470 2900 1506 2964 in

258 3001 414 3086 contextu
439 2992 626 3077 diseonans,
652 2980 809 3086 pluraque
834 2997 910 3062 hnic
934 2999 1148 3078 interseram,
1183 2999 1269 3086 quod
1293 2997 1408 3085 cuique
1434 3018 1506 3062 con·

106 3129 120 3182 ,⁴
224 3132 229 3140 -
256 3088 379 3157 ferenti
401 3091 459 3155 illa
484 3095 613 3178 patebit.

108 2755 117 2790 i
