3870 4718
374 319 429 403 12
752 259 1001 430 Diplomata‘
1026 311 1342 430 Imperatorum

323 616 327 622 ¹
356 577 360 614 :
393 643 398 652 Ι
442 555 470 630 a)
442 549 638 631 adcriptor
661 501 793 616 huius*
782 553 992 616 instrumenti
1016 571 1050 632 ss
1074 553 1202 636 ipsum
1196 557 1346 618 surexit
1370 556 1406 620 in
1440 555 1598 623 vocabulo
1634 559 1748 647 publi·

434 671 440 684 ·
497 665 669 727 cenorum,
697 653 789 716 cuius
813 653 928 716 litteris
955 674 1000 717 cn
1023 667 1141 736 puncta
1165 649 1388 737 interponent.

734 878 800 900 ”
925 843 1242 1051 buti

390 1265 395 1276 Ι
652 1119 746 1238 luno
777 1183 872 1238 1213.
900 1183 955 1236 tt.
982 1173 1079 1234 Μιιι.
1100 1174 1189 1304 apud
1216 1177 1445 1244 Constantiam.

367 1339 612 1456 Frldericus
650 1351 709 1457 Π.
744 1367 823 1446 rex
842 1339 1061 1439 ecclesiae
1099 1351 1396 1479 salzburgensi
1429 1307 1737 1446 monesterium

369 1446 799 1588 Sanctimonialium
788 1497 831 1553 ιιι
863 1469 1035 1555 Chimse
1066 1467 1328 1578 confirmat,
1338 1494 1380 1559 et
1394 1473 1646 1567 Eberhardo
1666 1507 1738 1565 ar-

406 1576 678 1706 chiepiscopp
708 1578 939 1701 indulget,
948 1605 997 1672 ut
1026 1587 1314 1704 episcopatum
1345 1591 1406 1676 ibi
1437 1595 1591 1708 erigat,
1622 1598 1699 1712 qui

300 1801 304 1814 .
493 1709 592 1796 solis
620 1691 948 1821 archiepiscopis
978 1703 1353 1820 salzburgensibus
1385 1708 1611 1799 subiaceat
1730 1781 1732 1786 .

367 1937 615 2023 (Obrismon).
623 1859 771 2005 In
758 1936 907 2004 nomine
929 1884 1056 2006 sancte
1067 1945 1103 2006 et
1113 1937 1307 2010 indiuiduo
1317 1939 1486 2010 trinitatis
1501 1887 1636 2010 hmeN.
1660 1939 1737 2008 Fri·

367 2054 510 2124 dericus
543 2054 609 2124 del
634 2037 770 2146 gelacia
782 2054 1037 2123 Romanorum
1062 2069 1129 2122 rex
1160 2064 1197 2120 et
1230 2073 1373 2145 semper
1398 2066 1573 2156 augustus
1599 2043 1635 2126 et
1658 2055 1738 2124 Rex

367 2156 502 2224 sicilie.
540 2153 719 2252 Quoniam
746 2151 908 2241 regibus
920 2163 956 2218 ec
981 2152 1206 2242 principibus
1233 2153 1436 2224 dominus
1425 2179 1463 2223 ιιι
1497 2159 1589 2224 hac
1596 2149 1736 2225 mundo

365 2277 432 2346 pre
459 2254 588 2321 ceteris
615 2253 850 2320 eminentiam
870 2253 1036 2319 contulit
1085 2252 1237 2342 dignum
1270 2265 1324 2322 est
1350 2265 1391 2323 ut
1416 2263 1452 2322 et
1476 2251 1564 2346 ipsi
1561 2256 1667 2330 circa
1694 2277 1737 2324 ea

365 2359 404 2423 ih
430 2351 562 2459 quibus
588 2354 763 2420 honorem
789 2351 926 2419 domini
952 2346 1124 2442 ampliare
1142 2355 1345 2442 potuerint.
1371 2365 1535 2471 accepta
1535 2354 1581 2421 ab
1597 2375 1641 2425 eo
1661 2377 1737 2423 mu·

366 2475 455 2522 aare
481 2462 755 2542 recognoscant.
816 2450 874 2518 Ad
897 2452 1108 2542 petitionem
1134 2453 1247 2542 igitur
1272 2449 1394 2522 dilecti
1419 2455 1592 2544 principis
1620 2457 1737 2524 nostri

365 2551 568 2621 Eberhardi
592 2551 861 2641 salzburgensis
888 2551 1148 2664 archiepiscopi
1177 2553 1369 2641 priuilegia
1395 2550 1550 2624 ecclesie
1572 2551 1755 2622 Salzbur'a'

367 2653 471 2743 gensi
496 2674 518 2719 a
552 2643 868 2741 predecessoribus
902 2645 1035 2718 nostriis
1069 2653 1209 2718 collata.
1243 2655 1495 2745 perspeximus
1530 2655 1568 2720 in
1604 2653 1735 2744 quibus

366 2751 626 2820 monasterium
651 2751 688 2818 in
714 2751 849 2819 chimse
875 2750 938 2818 ubi
964 2753 1135 2819 hactenus
1161 2751 1230 2819 fuit
1257 2754 1489 2847 congregatio
1506 2749 1736 2822 sanctimoni-
1823 2777 1827 2784 ·

361 2849 476 2922 ‘alium
502 2851 706 2919 inuenimus
733 2847 956 2940 episcopatui
972 2849 1221 2938 salzburgensi
1234 2853 1478 2922 munificentia
1492 2854 1735 2943 gloriosorum

365 2973 492 3045 regum
519 2972 597 3020 ease
624 2952 807 3018 donatum.
835 2971 915 3016 curn
943 2949 1041 3016 omni
1066 2949 1147 3017 iure
1173 2971 1238 3018 suo
1264 2961 1300 3019 et
1323 2953 1735 3042 hominibasutriusque

267 3087 272 3095 ·
365 3073 472 3124 sexus
496 3049 664 3117 militaris
691 3069 753 3115 sev
778 3047 920 3115 seruilis
946 3047 1168 3116 condicionis
1195 3049 1295 3118 sicut
1313 3061 1419 3120 antea
1437 3049 1621 3138 predictus
1636 3051 1737 3122 locus

364 3145 446 3224 'ad
436 3148 642 3242 imperium
655 3145 871 3245 pertinebat.
924 3148 1200 3234 considerantes
1239 3151 1351 3217 eciam
1358 3147 1534 3240 quod
1523 3148 1736 3232 iamdictus

365 3247 660 3341 archiepiscopus
686 3233 790 3315 n'cbis
816 3256 851 3313 et
876 3246 1044 3363 imperio
1056 3243 1289 3315 laudabiliter
1313 3227 1465 3320 deuotus
1481 3249 1736 3340 extiteritpre-

365 3349 501 3442 dictum
528 3347 785 3414 monasterium
811 3368 891 3414 cum
919 3346 1015 3414 omni
1034 3347 1112 3416 iure
1133 3368 1199 3416 suo
1213 3343 1469 3437 salzburgensi
1486 3338 1633 3417 ecclesie
1650 3371 1735 3422 con·

365 3446 560 3520 firmamus.
621 3443 693 3514 Sed
725 3444 822 3537 quod
855 3443 975 3513 idem
987 3446 1282 3537 archiepiscopus
1309 3447 1388 3514 zelo
1415 3446 1492 3515 dei
1500 3439 1627 3518 ductus
1653 3470 1735 3520 cum
1777 3435 1787 3450 ’

364 3541 597 3620 uniuersitate
625 3546 771 3663 capituli
798 3546 852 3614 sui
879 3556 915 3614 et
941 3546 1097 3614 familiae
1122 3541 1192 3612 sibi
1217 3540 1401 3635 indulgeri
1415 3544 1552 3636 petiuit.
1568 3559 1617 3616 ut
1623 3571 1662 3618 ιιι
1681 3571 1735 3620 se·

364 3647 510 3743 pedicto
535 3643 751 3716 monasterio
777 3645 1025 3722 kathedralem
1051 3643 1251 3713 ordinaret
1255 3644 1445 3721 ecelesiam
1463 3647 1622 3737 allegans
1644 3651 1736 3742 epis·

365 3758 514 3838 ιοριιιιι
540 3748 595 3816 sui
622 3746 857 3836 latitudinem.
883 3746 1027 3814 uiarum
1054 3740 1301 3813 difficultatem
1325 3767 1491 3815 necnon
1518 3757 1567 3815 et
1583 3769 1735 3841 occupa·

363 3853 478 3921 tioucs
504 3845 634 3939 quibus
662 3857 808 3938 oportet
835 3867 916 3914 sum
939 3845 1097 3934 imperio
1123 3865 1202 3912 esse
1228 3845 1435 3914 obnoxium.
1462 3847 1609 3937 quihus:
1623 3853 1737 3920 omni-

362 3955 431 4021 hus
456 3945 879 4037 sollicitudovpastoralis
906 3943 1087 4014 defectum
1113 3945 1271 4033 patitur.
1286 3965 1353 4014 nos
1378 3944 1621 4037 peticionibus
1655 3950 1732 4019 eius

362 4055 405 4123 de
433 4047 665 4119 boncecorde
692 4044 929 4136 surgentibus
953 4043 1124 4112 inclinati.
1151 4044 1364 4117 indulsimus
1391 4047 1424 4117 ei
1439 4049 1650 4139 episcopum
1671 4051 1733 4142 qui
