3772 4722
641 455 646 464 .
764 373 1038 470 Authentica.·
1105 471 1111 506 ¹

776 665 1020 815 ocum.
1141 839 1146 846 ‚

428 953 521 1026 Auno
551 961 640 1018 ¹2³2.
681 955 791 1036 mensa
817 951 920 1016 Maio.
962 951 1045 1034 aputl
1072 949 1203 1015 Portum
1230 947 1359 1013 Naeuio.

205 1143 452 1232 Fridericus
483 1143 533 1232 ll.
564 1146 817 1260 imperatoi,
847 1146 901 1232 ad
931 1147 1241 1262 querimoniam
1269 1143 1414 1228 Sifridi
1436 1145 1577 1231 Ratis-

207 1263 409 1394 ponensis
440 1262 627 1378 episcopi
658 1283 699 1348 et
730 1263 989 1370 cancellarii,
1022 1265 1268 1352 senteutiam
1301 1262 1578 1376 proscriptio·-

205 1379 272 1462 nis
297 1379 567 1494 promulgat
602 1379 801 1466 latarum
833 1381 1017 1495 generali
1045 1381 1164 1468 curis
1194 1379 1310 1494 apud
1339 1377 1577 1468 Sibidatum

206 1495 414 1581 adversus
447 1495 692 1584 Conradum
723 1499 922 1582 comitem
951 1497 1005 1584 de
1035 1497 1335 1608 Wasserburg
1366 1511 1409 1578 ct
1438 1499 1577 1582 norni-

263 1633 330 1698 tos
363 1613 687 1726 quatuordecim
716 1613 946 1814 cplmplioes
978 1615 1092 1715 eiua,
1125 1611 1372 1722 spoliatores
1393 1639 1555 1719 prae·
1639 1615 1642 1620 ’

778 1745 832 1812 ctt
862 1727 1060 1842 episcopi

198 1913 476 2057 FPtidericus]
503 1974 561 2064 dsj
588 1977 705 2069 gratia
727 1975 975 2048 Romanorum
1000 1980 1202 2070 Imperator
1227 1995 1373 2068 semper
1392 1978 1573 2068 Angustus

200 2091 402 2160 Jerusalem
429 2099 464 2157 st
490 2087 616 2161 Sicilie
638 2095 726 2161 Rex.
779 2093 848 2161 Per
873 2106 1022 2188 presens
1048 2091 1232 2185 Scriptum
1259 2101 1383 2180 notum
1411 2091 1489 2159 fieri
1511 2113 1574 2160 uo·

201 2192 321 2256 tumus
347 2186 525 2258 uniuersis
549 2183 695 2284 imperii
722 2190 888 2263 fidelibus
912 2198 988 2262 tam
1023 2193 1251 2283 presentibus
1285 2211 1393 2283 quarn
1427 2190 1569 2259 bituria.

200 2289 309 2404 Quod
334 2309 415 2358 cum
442 2289 590 2361 dilectus
617 2293 786 2386 Princeps
813 2283 946 2364 noster.
999 2290 1037 2395 8
1060 2291 1275 2364 venerabilis
1296 2291 1571 2381 Ratisponensis

201 2389 392 2479 episcopus
418 2379 616 2479 imperialis
642 2397 722 2461 aule
749 2385 1026 2464 cancellarius'
1017 2417 1053 2462 ιιι
1081 2393 1241 2485 generali
1268 2391 1377 2460 Curis
1411 2401 1498 2485 aput
1520 2390 1571 2458 Si-

198 2487 365 2556 bidatum
392 2492 619 2580 presentibus
646 2494 873 2584 Principibus
899 2493 1126 2588 conquestus
1153 2493 1263 2562 luerit
1297 2513 1419 2562 coram
1454 2490 1570 2573 nobis,

199 2587 407 2657 Conradum
433 2591 611 2660 Comitem
638 2591 980 2684 deWarziburg(i.
1005 2614 1038 2662 e.
1065 2593 1333 2683 Wasserburg).
1385 2590 1571 2658 Gebehart

198 2687 317 2755 dictus
338 2695 407 2772 (ra)
437 2689 681 2784 Scicbingsra.
724 2693 937 2782 Ottonetm)
965 2695 1009 2762 de
1035 2691 1234 2765 Dedilhem
1282 2690 1497 2772 ottonem]
1523 2689 1570 2756 de

199 2791 390 2857 Aschowe.
441 2791 613 2859 Harolum
638 2792 682 2862 de
702 2791 904 2863 Selehnebe
922 2788 1191 2874 (Selehusbs).
1207 2789 1408 2859 Srendelim
1432 2789 1476 2856 de
1499 2789 1568 2856 tto-
1583 2787 1588 2796 '

196 2887 364 2956 sinhsim.
396 2889 584 2960 Siboatom
604 2892 648 2960 de
665 2889 845 2961 sinestra·
864 2894 1010 2980 Geruno
1025 2891 1069 2960 ds
1086 2888 1328 2983 Lsijrpinigin.
1364 2887 1569 2956 conradum

197 2985 246 3062 de
267 2988 501 3078 Alhardingin
522 2992 632 3060 filium
654 2992 810 3061 conradi
829 2989 935 3061 foleiz
957 2997 992 3061 et
1011 2993 1203 3081 complices
1224 3009 1318 3060 suos.
1362 2983 1568 3059 Conradnm

198 3107 349 3154 seruum
372 3087 576 3180 Gsbehardj
600 3091 928 3164 dsSconinstedin.
980 3082 1319 3160 StuteirnJudicem
1343 3081 1429 3154 dicti
1452 3085 1569 3163 Comi·
1704 3126 1716 3144 s

198 3186 249 3254 tis
266 3185 416 3278 Bernolt.
454 3189 657 3264 Concedam
681 3199 750 3275 (st)
771 3191 1018 3267 &roardum
1032 3191 1077 3260 ds
1097 3189 1301 3263 lulimbacb.
1342 3197 1377 3258 et
1395 3185 1500 3256 Gutle
1524 3183 1569 3252 de

195 3287 592 3378 miamin-eundem
618 3293 657 3362 in
683 3294 790 3368 curta
814 3304 943 3376 nostra
966 3303 1013 3378 et,-
1035 3289 1226 3378 seruicia„
1250 3287 1569 3382 aput-Rauennam

198 3387 414 3455 existentem
441 3387 677 3477 spoliauerint
705 3392 919 3482 quibusdam
947 3394 1066 3460 rebus.
1119 3391 1202 3460 Nos·
1226 3382 1571 3478 ati-querimoniam

198 3485 354 3574 predicti
380 3487 556 3580 Principia
582 3501 618 3560 et
645 3491 859 3558 cancellarii
894 3493 1009 3560 nostri
1036 3502 1071 3559 et
1098 3489 1182 3582 quia
1198 3486 1244 3556 ‘td
1271 3487 1432 3554 constitit
1459 3484 1570 3552 mani·

196 3585 290 3653 fests
318 3586 499 3677 predictos
526 3611 650 3660 omnes
676 3589 882 3678 Principum
909 3592 1134 3681 approbante
1160 3587 1359 3670 sententia,
1392 3583 1572 3677 proscrip-

197 3685 321 3753 simus.
375 3686 426 3753 Ad
449 3687 558 3756 Cuius
583 3690 857 3780 proscriptionis
878 3693 1088 3760 memoriam
1112 3709 1260 3780 presens
1283 3685 1466 3775 Scriptum
1489 3683 1572 3750 lieri

197 3785 369 3852 iussimus
386 3785 581 3856 Maiestatis
605 3800 726 3858 nostre
750 3789 875 3880 Sigillo
900 3791 1087 3859 munitum.
1130 3789 1242 3856 Huius
1265 3787 1318 3854 rei
1340 3795 1448 3854 testes
1473 3793 1567 3851 suot

199 3883 410 3954 Patriarcha
434 3889 693 3980 aquilegensis.
735 3889 1043 3982 Salzeburgensir.
1093 3886 1418 3978 Magdeburgensis
1445 3894 1481 3950 et
1503 3883 1571 3950 Ra·

200 4003 336 4052 uennas
364 3983 644 4077 archiepiscopi.
695 3989 735 4056 Ε.
762 3991 1125 4081 papinbergensis..
1154 3965 1509 4072 .llerbipolensis
1533 3983 1568 4048 h.

203 4083 491 4154 ilormacienais.
544 4085 725 4180 Episcopi.
778 4090 897 4160 Abba·
924 4090 1045 4158 Sancti
1071 4085 1176 4174 Gallj.
1242 4087 1279 4153 A.
1315 4080 1481 4150 Ssxonie.
1528 4079 1571 4148 0.
