3804 4718
415 310 497 394 172
797 305 1044 422 Diplomata
1070 311 1385 432 Imperatorum
1503 423 1506 432 ,

412 547 553 610 nostras
585 535 745 608 indebite
780 553 963 640 occupata.
1000 549 1153 620 ulterius
1188 556 1424 627 restituantur
1455 583 1523 640 nec,
1548 581 1783 661 occupentur.

410 642 498 709 Item
526 640 741 709 conductum
768 645 972 733 principum
999 670 1107 739 quem
1132 641 1178 720 de
1204 665 1312 740 manu
1337 671 1461 729 nostra
1479 673 1599 737 tenent
1616 671 1786 745 infando.

1886 353 1888 392 l

410 763 479 832 per
512 762 578 810 noa
611 744 670 809 uel
703 764 769 831 per
801 755 946 816 nostros
978 770 1050 814 non
1085 752 1322 842 impediemus
1355 783 1422 828 nen
1447 763 1574 858 infrigi
1599 770 1785 867 (infringi)
1887 809 1888 844 t

409 841 606 931 paciemur.
657 842 745 908 Item
772 865 846 940 non
873 850 1136 936 compellantur
1160 856 1276 948 alirjni·
1295 879 1363 948 per
1385 866 1556 936 scultetos
1574 882 1719 946 nostros
1739 876 1784 945 ad
1887 895 1888 900 ’

406 941 681 1010 restitucionem
696 964 836 1038 ¹eorum
862 969 931 1037 que
958 971 980 1014 a
1004 951 1115 1041 longo
1143 966 1306 1045 tempore
1332 979 1546 1053 receperant
1566 970 1611 1038 ab
1630 976 1785 1056 bomini·

406 1041 475 1110 bus
502 1042 711 1133 priusquam
738 1063 777 1112 ee
803 1045 840 1111 in
867 1045 1073 1119 ciuitatibus
1102 1057 1232 1124 nostris
1250 1059 1478 1133 collocarent.
1531 1073 1619 1139 ltem
1638 1069 1674 1144 in
1697 1077 1785 1147 cini·

406 1142 540 1210 tatibus
567 1145 700 1210 nostris
728 1145 846 1214 nullus
871 1149 970 1215 terre
997 1149 1213 1250 dampnosus
1234 1179 1335 1228 seua
1355 1160 1471 1234 iudice
1492 1169 1704 1260 dampnatus
1724 1183 1791 1248 uel

406 1244 631 1333 proscriptus
668 1244 875 1334 recipiatur.
910 1251 1047 1339 recepti
1082 1256 1250 1326 conuicti.
1285 1261 1471 1334 eiciantur.
1530 1273 1618 1340 Item
1645 1280 1781 1350 nullam

406 1363 539 1412 nouam
572 1353 754 1412 monetam
790 1347 826 1413 in
854 1357 957 1415 terra
990 1353 1143 1422 alicuius
1175 1359 1349 1450 principia
1384 1367 1467 1434 cudi
1500 1369 1685 1445 faciemus.
1714 1402 1782 1471 per

406 1465 513 1536 quam
542 1451 722 1510 monetam
750 1458 895 1515 moneta
920 1451 1095 1544 principis
1121 1457 1373 1551 deterioretur.
1426 1469 1516 1538 ltem
1537 1473 1700 1548 ciuitates
1720 1503 1783 1552 no·

323 1583 330 1591 -
405 1554 479 1612 stra
505 1543 789 1612 iurisdictionem
816 1567 917 1614 suam
944 1560 1045 1619 extra
1072 1575 1136 1623 sue
1157 1559 1318 1630 ‘ciuitatis
1346 1565 1626 1644 ambitum'non
1660 1589 1781 1650 exten-

405 1642 499 1710 dant.
528 1643 597 1710 nisi
622 1643 667 1710 ad
692 1665 757 1712 nos
784 1648 963 1735 pertineat
988 1651 1190 1728 iurisdictio
1217 1663 1429 1750 specialiter.
1467 1674 1557 1741 ltem
1583 1676 1619 1744 in
1643 1683 1779 1754 nostris

405 1740 610 1812 ciuitatibus
636 1755 738 1812 actor
763 1743 883 1814 forum
911 1751 963 1818 rei
991 1769 1172 1845 sequatur.
1198 1762 1268 1830 nisi
1293 1787 1376 1834 reus
1401 1769 1462 1835 u'el
1488 1772 1633 1845 debitor
1649 1780 1782 1872 prinni-

403 1845 496 1936 palia
523 1843 657 1911 ibidem
686 1844 794 1914 fuerit
821 1848 1098 1946 inuentusque
1126 1879 1209 1928 casu
1234 1861 1449 1954 respondeat
1481 1874 1625 1946 ibidem.
1687 1884 1779 1956 ltem

403 1965 513 2012 nemo
546 1941 701 2033 recipiat
734 1945 771 2013 in
804 1948 958 2036 pignore
993 1953 1091 2023 bona
1117 1961 1248 2050 quibus
1275 1969 1358 2056 quis
1380 1969 1582 2046 infeodatos
1609 1991 1673 2050 est.
1700 1985 1781 2056 aine
1887 2014 1888 2024 ¹

404 2065 582 2113 consensu
616 2055 651 2112 et
685 2068 794 2114 manu
827 2049 963 2117 donnini
996 2051 1218 2148 principalis.
1268 2067 1355 2136 ltem
1386 2071 1430 2136 ad
1456 2095 1567 2163 opera
1592 2079 1781 2156 ciuitatum

338 2207 342 2222 ,
403 2145 523 2212 nullus
547 2155 700 2234 cogatur
726 2147 796 2214 nisi
822 2147 865 2216 de
892 2150 1162 2228 iureteneatur.
1214 2165 1303 2235 Item
1320 2170 1718 2254 bomineaaduocaticii
1740 2188 1778 2258 in
1880 2207 1884 2216 “

400 2245 536 2312 nostris
563 2240 770 2314 ciuitatibus
796 2250 998 2322 residentes
1025 2257 1172 2352 antiqua
1199 2275 1233 2332 et
1259 2267 1379 2338 debita
1400 2273 1680 2356 aduocaticiura
1696 2310 1779 2378 per·

402 2347 544 2414 soluant
569 2366 688 2436 neque
716 2347 886 2418 indebitis
914 2356 1163 2432 exactionibus
1189 2369 1435 2441 molestentur.
1497 2381 1585 2449 Item
1611 2387 1778 2460 homines

400 2443 543 2536 proprii
570 2443 795 2526 aduocaticii.
822 2448 979 2521 feodales
1005 2459 1067 2548 qui
1095 2463 1331 2540 ad=dominoe
1359 2495 1443 2541 auos
1469 2483 1623 2552 transire
1654 2492 1779 2560 uolue-

401 2544 484 2612 rint.
512 2543 556 2612 ad
582 2545 800 2614 manendum
827 2573 848 2616 a
873 2554 1006 2622 nostris
1033 2561 1195 2633 officiatis
1222 2591 1295 2637 non
1322 2585 1495 2644 artantur.
1546 2585 1693 2660 Talibus
1714 2613 1777 2661 att·

398 2655 474 2713 tem
499 2631 685 2714 beneficiis
713 2646 864 2717 dilectos
890 2666 1034 2726 nostros
1060 2663 1293 2742 honorabiles
1321 2675 1514 2766 principes.
1534 2685 1703 2759 maiestas
1719 2692 1776 2763 de·

401 2746 515 2814 creuit
542 2746 642 2836 regia
667 2750 871 2838 preuenire.
900 2756 1009 2825 saluis
1034 2763 1236 2858 priuilegiis
1262 2795 1282 2838 a
1309 2777 1475 2864 genitore
1501 2795 1625 2855 nostro
1652 2790 1778 2862 obten-

398 2845 455 2915 tis.
482 2856 518 2916 at
543 2847 589 2915 ab
615 2869 659 2914 eo
685 2851 744 2917 uel
771 2875 793 2918 a
818 2853 922 2924 nobis
948 2858 1172 2946 inposterum
1200 2871 1415 2945 obtinendis.
1466 2882 1603 2954 Eodem
1629 2913 1778 2986 quoqne

396 2946 475 3016 iure
503 2947 661 3039 gaudere
687 2953 855 3024 uolumus
881 2961 1052 3032 vassallos
1078 2969 1342 3043 ministeriales.
1368 2980 1532 3054 homines
1559 2993 1594 3056 et
1612 2990 1777 3065 civitates

396 3048 501 3116 nobis
529 3057 564 3114 et
591 3051 747 3139 Imperio
774 3055 974 3124 attinentes.
1026 3067 1157 3136 Datum
1184 3073 1278 3159 apud
1306 3078 1546 3156 wormaciam
1583 3113 1678 3164 anno
1711 3096 1775 3167 do·

395 3145 527 3214 minice
543 3147 808 3217 incarnacionis
825 3155 1018 3227 lllille'aimo
1035 3166 1292 3242 Ducentesimo
1309 3177 1507 3254 Tricesimo
1530 3190 1661 3282 primo,
1704 3197 1772 3266 fla.

391 3245 509 3315 landis
535 3246 622 3315 Maii
646 3248 844 3320 Indictione
870 3256 971 3322 llll¹⁸.

455 3487 488 3561 a)
514 3483 687 3569 Sigillum,
715 3491 798 3572 quod
826 3495 1044 3576 appendebat,
1066 3505 1179 3586 periit,
1215 3507 1270 3574 fila
1296 3539 1422 3604 qnoque
1448 3523 1539 3585 rubri
1564 3527 1678 3594 coloris
1706 3533 1765 3598 dia·
1793 3594 1799 3602 .

513 3597 729 3666 raptarent,
768 3615 904 3674 quorum
932 3615 1005 3678 para
1033 3609 1185 3684 quaedam
1212 3621 1360 3698 superior
1391 3624 1595 3692 membranas
1627 3629 1764 3699 inferius
1823 3639 1831 3658 ‘

410 3697 412 3705 ’
511 3679 695 3765 implicatae
721 3689 842 3755 innexa
867 3699 1030 3763 remansit.

316 3911 323 3932 ,
451 3865 482 3950 b)
509 3871 646 3936 Indictio
673 3882 824 3947 convenit
849 3907 924 3950 cum
951 3911 1036 3955 anno
1063 3913 1212 3978 expresso
1244 3911 1344 3970 123¹.
1412 3939 1414 3944 v

452 4056 479 4134 a)
504 4053 666 4124 Inedittun
694 4065 824 4151 quidem
850 4071 887 4138 in
910 4073 970 4139 bae
994 4076 1115 4160 forma,
1142 4080 1301 4153 insertum
1329 4101 1457 4173 tamen,
1483 4098 1594 4179 pancio
1616 4107 1759 4184 mutatis,
1812 4079 1816 4090 ”
1887 4141 1888 4150 ¹
