3864 4728
951 372 1204 515 Autbentica

844 751 847 760 ¹
902 679 908 692 .
956 604 1194 772 οιοχιι.

385 821 660 912 bernhardus
693 817 915 938 episcopus
948 819 1173 908 conferens
1205 822 1492 934 possessiones
1517 823 1560 906 in
1578 817 1760 907 G‘older·

307 979 318 996 s
385 941 516 1048 bach,
552 941 815 1048 Zeidclhub,
857 939 1156 1028 theniinden
1195 959 1238 1028 et
1265 940 1416 1027 Leheri
1445 939 1501 1026 ad
1530 939 1621 1025 dies
1654 941 1758 1025 vitae

386 1059 589 1174 Alberoni
620 1060 673 1146 de
703 1058 1025 1164 Pfarrkirchen,
1056 1058 1325 1147 vicedomino
1356 1061 1648 1163 circaRotam,
1679 1055 1759 1142 filio

384 1181 487 1291 ejus
509 1179 714 1266 Alberoni
745 1199 788 1265 et
817 1179 1009 1294 privigno
1026 1173 1136 1291 ‘ejus
1163 1175 1352 1264 Henrioo
1380 1179 1521 1292 Resob
1550 1203 1631 1286 pro
1660 1173 1762 1262 fide·

380 1297 498 1414 'litate
528 1299 571 1383 in
601 1297 923 1407 recuperatione
955 1295 1188 1382 earundem
1220 1295 1427 1402 exhibita,
1456 1294 1675 1399 concedit,
1717 1310 1761 1376 ut

383 1414 545 1504 Aibero
584 1415 730 1530 junio'r
759 1418 830 1530 jus
859 1415 1063 1500 suumin
1092 1413 1328 1500 Henrioum
1358 1413 1586 1526 judaeum,
1624 1411 1758 1498 civem

489 1555 497 1567 “
725 1573 735 1585 ·
778 1532 1089 1650 pataviensem,
1118 1531 1357 1618 transferat.

826 1722 984 1788 Paterisn-
1015 1735 1110 1807 ¹³00·
1174 1737 1205 1792 4.
1233 1725 1326 1794 Maii.

229 1923 234 1932 “
327 1913 331 1932 ‘
382 1847 490 1982 Noa·
507 1909 763 1986 wernherum
788 1915 845 1984 dei
872 1914 987 2007 gratia
1014 1877 1175 2016 licclesie
1201 1911 1422 1984 Patauiensis
1448 1909 1660 2005 Episcopus.
1689 1933 1763 2001 pre·

384 2027 547 2100 sentibus
575 2031 800 2102 confitemur.
833 2031 930 2128 qnod
957 2053 1039 2102 curn
1066 2032 1211 2124 quidam
1236 2031 1318 2100 laici
1344 2031 1432 2099 dicti
1459 2023 1610 2099 chunell
1631 2045 1766 2118 possea·

382 2127 502 2198 aiones
528 2143 669 2202 nostras
698 2127 964 2228 Golderpucir,
998 2127 1232 2220 Zetiielbub,
1266 2127 1403 2202 llelscn
1430 2125 1602 2214 Linden,
1630 2121 1763 2196 Leben

383 2243 631 2322 occupassent.
666 2233 717 2303 ita
753 2235 850 2327 qnod
877 2235 1000 2304 nobis.
1039 2255 1106 2328 uec
1131 2230 1322 2302 derectum
1349 2255 1415 2326 oco
1441 2227 1535 2300 utile
1558 2225 1763 2298 domanium

384 2346 687 2424 recognoscerent
722 2336 759 2401 in
797 2334 951 2422 eisdem,
989 2344 1026 2424 et
1059 2333 1103 2406 de
1139 2333 1413 2424 recuperatione
1441 2353 1564 2400 earum
1591 2327 1763 2420 quodam·

384 2431 493 2500 modo
531 2454 613 2523 spes
652 2457 724 2504 non
757 2446 861 2505 esset.
895 2434 1073 2504 discretus
1107 2434 1163 2502 sir
1194 2429 1327 2504 albero
1360 2429 1408 2502 dc
1431 2423 1762 2527 pfarrcirt'riclsen.

385 2539 481 2601 tnnc
504 2531 768 2604 vicedominus
792 2531 1070 2620 circuliotam,
1098 2534 1265 2602 conscius
1283 2535 1379 2620 „iuris
1407 2532 1533 2601 nostri.
1562 2528 1607 2597 ad
1631 2529 1763 2598 instan-

385 2633 477 2702 ciam
501 2642 671 2704 nostram.
699 2657 765 2726 per
790 2637 957 2706 laborum
978 2645 1018 2704 et
1044 2634 1220 2704 industrie
1246 2655 1309 2703 sue
1336 2631 1505 2724 inpendia
1531 2630 1637 2699 nobie
1664 2651 1764 2698 recu·

384 2733 527 2823 parauit
550 2737 795 2826 possessiones
821 2737 1029 2807 antedictas.
1079 2736 1126 2804 Et
1151 2755 1217 2803 nos
1244 2757 1307 2803 sne
1332 2731 1495 2803 fidelitati
1511 2733 1674 2802 solentes
1692 2725 1765 2797 red·

345 2867 347 2873 ·
384 2833 469 2905 dere
503 2831 631 2928 dignm
663 2837 778 2907 'ricae
816 2840 861 2910 de
886 2857 1066 2908 consensu
1092 2829 1249 2928 Capituli
1276 2835 1391 2902 nostri
1421 2831 1599 2927 predictas
1625 2851 1764 2921 posses·

383 2935 505 3004 aiones
530 2938 693 3006 alberoni
720 2939 794 3006 lilio
821 2961 897 3008 suo.
924 2947 959 3006 st
985 2937 1148 3034 heinrico
1174 2936 1271 3003 dicto
1286 2937 1415 3020 Rescb,
1441 2933 1516 3002 tilio
1542 2931 1664 3000 rxbris
1691 2953 1765 3014 sue,

384 3034 430 3102 ad
466 3037 539 3104 vite
572 3039 733 3127 ipsorum
768 3051 933 3129 tempora
967 3037 1136 3104 duximus
1172 3036 1428 3121 conferendas,
1463 3033 1678 3116 insolidum,
1715 3029 1767 3099 eii

330 3135 333 3144 '
383 3135 561 3202 ambobus
598 3137 642 3204 de
669 3133 790 3205 medio
816 3137 978 3206 sublatis.
1004 3135 1049 3205 ad
1076 3148 1235 3206 nostram
1263 3137 1458 3206 Ecclesiam
1485 3135 1598 3203 libere
1624 3143 1661 3201 et
1686 3132 1765 3200 sine

385 3235 667 3304 contradictione
694 3237 854 3326 qnalibet
879 3257 1102 3309 reuersnras.
1127 3259 1254 3306 rerum
1272 3238 1487 3306 succedente
1505 3247 1670 3324 tempore
1686 3253 1766 3323 pre·

383 3331 500 3402 dictu's
524 3335 649 3404 albero
658 3386 668 3422 ,
693 3335 875 3408 alberonis
901 3333 1033 3430 prefati
1058 3337 1171 3424 iilius,
1212 3361 1258 3408 ex
1281 3337 1491 3407 necessitate
1518 3334 1672 3428 quadarn
1698 3333 1769 3400 sibi

382 3431 593 3510 imminente
621 3437 675 3506 ins
702 3457 857 3526 persons
883 3460 946 3509 sne
971 3449 1192 3531 conpetens,
1229 3439 1265 3506 in
1292 3437 1582 3530 possessionibus
1607 3429 1768 3502 antedic-

383 3534 448 3620 tis,
481 3533 517 3602 in
545 3557 737 3626 personam
763 3537 910 3608 ilenrici
939 3539 1037 3628 judei
1066 3541 1155 3610 ciuis
1182 3541 1296 3609 nostri
1324 3539 1563 3623 Patauiensis,
1603 3534 1768 3602 vendica·

383 3637 492 3704 tionis
517 3636 625 3704 titulo
650 3641 853 3724 transtulit,
893 3649 929 3710 et
953 3663 1020 3710 nos
1047 3638 1319 3709 translationem
1347 3637 1572 3724 huiusmodi,
1597 3635 1770 3704 duximus

383 3757 454 3825 per
486 3738 799 3828 interpositionem
833 3741 1058 3810 auctoritatis
1098 3749 1221 3809 nostre
1261 3739 1548 3809 confirmandam
1580 3744 1772 3832 censentes

384 3835 505 3906 vtilins
540 3859 635 3926 esse,
676 3841 773 3932 quod
798 3837 897 3911 Ciuis
932 3853 1075 3926 noster,
1115 3845 1217 3934 cuius
1243 3834 1421 3912 status'in
1447 3839 1581 3910 nostris
1607 3835 1773 3906 consistit

383 3937 571 4024 menibus,
595 3941 695 4032 ,bona
718 3941 902 4032 predicta,
928 3943 1108 4032 premisso
1133 3943 1241 4011 titulo
1269 3951 1399 4012 teneat.
1427 3964 1535 4033 quam
1563 3933 1772 4022 eitraneua,

384 4047 419 4107 et
444 4049 568 4108 nostro
595 4041 756 4109 dominio
782 4041 932 4110 alienus.
984 4041 1154 4111 sublatus
1181 4042 1296 4134 igitur
1321 4043 1367 4111 ab
1393 4043 1556 4112 haesita.
1609 4037 1774 4107 ilenrico

385 4135 480 4208 dicto
507 4142 622 4210 Rescb
661 4153 696 4210 et
722 4141 880 4210 ilenrico
903 4139 1031 4230 judeo,
1071 4143 1211 4232 prefata
1237 4143 1332 4212 bona
1359 4143 1403 4216 ad
1430 4138 1675 4236 patanienscm
1703 4137 1772 4208 Ec·
