3870 4718
382 307 444 396 42
529 312 531 318 ’
609 403 614 410 ,
781 277 1027 427 Diplomstt·
1051 265 1366 407 Imperatorum
1436 255 1440 262 ¹

388 525 531 644 penitus
558 525 606 596 ob
631 526 874 600 reuerentiam
898 524 1070 594 crucifixi.
1097 526 1198 596 cuius
1223 526 1261 594 in
1286 525 1413 596 nostro
1439 545 1593 617 corpore
1620 527 1758 598 baiula-

387 651 467 700 mus
503 624 667 717 insignia.
701 625 791 694 illud
826 621 964 694 eisdem
998 620 1159 694 eeclesiis
1191 634 1368 722 perpetuo
1401 619 1480 693 iure
1506 623 1692 696 donantes.
1721 625 1758 696 et

389 728 604 800 auctoritate
631 725 733 814 regia
758 729 967 794 statuentes.
992 733 1033 792 ut
1058 723 1294 793 ecelesiarum
1319 721 1480 792 omnium
1504 724 1716 798 libertate
1705 750 1758 794 ιιι·

388 838 495 920 tegra
518 846 662 914 semper
685 823 723 892 io
747 825 915 903 omnibus
941 833 1186 912 parmanente.
1212 845 1270 893 res
1295 832 1332 890 et
1356 822 1518 898 redditus
1551 819 1776 894 huiusmodi‘

389 929 428 996 in
462 924 635 996 soluenda
667 921 789 996 debita
811 921 1064 993 decedentium
1088 924 1322 1012 prelatorum.
1347 932 1383 990 et
1409 917 1446 989 in
1474 922 1564 991 alios
1589 925 1758 994 eeclesia-

390 1050 471 1108 ιιιιιι
505 1045 590 1103 asae
611 1044 690 1120 per
722 1021 1032 1122 manusteneas
1054 1021 1324 1100 succedentium
1348 1021 1466 1094 libera
1488 1031 1757 1100 amoenantur.

391 1125 633 1208 obsecremus
658 1121 772 1220 igitur
796 1119 941 1200 easdem
966 1121 1135 1196 ecelesias
1162 1132 1199 1194 et
1223 1123 1260 1190 in
1285 1121 1418 1188 uirtute
1443 1122 1608 1198 altissimi
1621 1133 1761 1198 contes-

256 1263 260 1268 ·
391 1237 521 1298 tamur.
554 1222 725 1314 quatinus
757 1223 804 1290 ob
835 1224 929 1288 hanc
960 1219 1203 1296 munificentie
1240 1231 1363 1294 nostre
1399 1216 1565 1312 gratiam.
1593 1229 1760 1295 nostrum

392 1323 488 1416 apud
513 1321 728 1391 altissimum
752 1321 922 1412 supplere
946 1318 1143 1438 dignentur
1168 1320 1236 1410 piis
1262 1320 1485 1390 orationibus
1506 1321 1760 1412 inperfectum.
1774 1385 1780 1398 ,
1923 1357 1925 1412 3

393 1435 429 1495 st
452 1422 536 1514 post
559 1421 754 1498 terminum
779 1421 879 1496 uitas
900 1429 1024 1488 nostre
1050 1419 1336 1496 anniuersarium
1361 1414 1481 1488 obitus
1516 1422 1630 1490 nostri
1664 1421 1761 1489 diem

393 1527 432 1594 in
458 1530 653 1613 perpetuas
680 1519 1001 1594 commendationis
1023 1519 1200 1590 memoria
1225 1520 1391 1592 satiasse.
1417 1530 1594 1592 arautem
1610 1525 1765 1592 hecata

394 1625 456 1694 nia
480 1622 572 1694 siout
596 1643 616 1689 a
640 1621 763 1698 bonae
782 1619 981 1698 uoluntatis.
1002 1628 1129 1694 nostre
1151 1619 1367 1694 liberalitate
1400 1619 1602 1708 procedant
1635 1643 1763 1712 perpe-

396 1722 467 1792 tuis
492 1719 718 1835 temporibus
742 1727 909 1787 maneant
934 1718 1156 1796 inconuulsa.
1182 1740 1331 1808 presens
1357 1719 1441 1786 inde
1463 1719 1696 1811 priuilegium
1715 1720 1764 1786 di·

395 1826 493 1891 lecto
518 1819 676 1909 principi
702 1828 738 1886 et
763 1817 877 1896 amieo
903 1828 1030 1888 nostro
1056 1817 1211 1907 speciali.
1265 1819 1390 1888 Ottoni
1412 1819 1659 1915 herbipolensi
1675 1821 1765 1910 epis·
1864 1899 1876 1920 ἢ

399 1930 566 2010 espect
592 1917 741 1986 ecclesie
757 1939 842 1986 suae
858 1913 1144 2006 wirceburgensi
1159 1939 1265 2038 quam
1282 1918 1343 2033 pio
1360 1918 1484 1986 fauore
1502 1921 1762 2008 amplectimur.

328 2073 333 2082 .
399 2017 578 2089 conscribi
604 2015 842 2108 precepimus
869 2025 905 2084 et
928 2025 1057 2086 nostre
1078 2016 1256 2108 ymaginis
1281 2015 1506 2106 inpressione
1532 2020 1677 2088 muniri
1696 2028 1765 2085 sta

398 2130 540 2191 tuentes
575 2127 616 2186 ut
648 2117 813 2210 quisquis
845 2126 970 2184 eontra
1001 2118 1073 2186 laea
1095 2116 1358 2206 presumpserit
1381 2117 1521 2208 aliquid
1542 2127 1765 2209 attemptare.
1853 2113 1864 2122 ”

399 2229 547 2290 centum
568 2217 684 2288 libras
706 2218 789 2285 auri
812 2237 885 2307 pru
909 2237 1003 2306 pena
1027 2225 1219 2306 conponat.
1246 2237 1398 2308 quarum
1425 2217 1596 2287 medietas
1611 2219 1782 2287 fiscone·

399 2319 471 2388 dat.
506 2325 546 2386 et·
572 2338 660 2407 pars
692 2318 806 2396 altera
836 2317 906 2385 illis
941 2315 1072 2408 quibus
1105 2315 1237 2384 iniuria
1270 2316 1380 2384 sumit
1402 2311 1578 2406 irrogata.
1643 2319 1767 2386 Testes
1850 2385 1855 2390 .
1886 2347 1897 2358 ’

399 2419 506 2486 buius
531 2413 588 2484 rei
612 2426 705 2484 sunt.
757 2416 843 2486 Otto
868 2415 1112 2505 Frisingemia
1132 2416 1343 2506 Episcopus.
1381 2416 1569 2486 Cunradss
1602 2418 1768 2506 Ratispo·

400 2517 521 2595 nensis
537 2515 750 2606 Episcopus.
776 2515 864 2584 Otto
888 2514 1154 2604 herbipolensis
1176 2515 1377 2605 episcopm.
1405 2515 1559 2588 sifridus
1571 2520 1770 2608 Auguston-

280 2625 286 2639 '
401 2615 451 2687 sis
476 2611 688 2706 Episcopus.
714 2614 840 2684 Siboto
864 2613 1166 2702 haselburgensis
1181 2614 1392 2707 Episcopus.
1417 2615 1641 2706 Engelardns
1669 2617 1770 2684 Colo·
1882 2615 1886 2622 '

400 2716 536 2786 niensis
562 2716 715 2784 Electus.
741 2715 883 2784 Vlrlous
907 2713 1314 2784 PattauiensisElectus.
1342 2715 1772 2786 Heinriensbemvelden-

401 2817 450 2886 sis
477 2815 609 2906 Abbas
634 2817 758 2886 Crono
782 2815 1030 2886 Elewacensis
1052 2813 1185 2888 Abbas.
1210 2817 1453 2885 Hartmannns
1478 2813 1771 2887 foldensislllee·

401 2927 469 2986 tus
495 2914 713 2996 budewious
737 2917 870 2988 Comes
892 2916 1069 3006 palatinus
1092 2915 1196 2984 lteri
1222 2925 1261 2983 et
1283 2901 1364 2982 duri
1388 2916 1562 2990 miserie.
1584 2915 1771 3003 lupoldus

403 3015 478 3093 dux
503 3015 647 3082 auaris.
672 3013 757 3082 etro
782 3017 869 3084 Dux
890 3014 1053 3083 Miraaie
1081 3015 1313 3090 Hermannns.
1333 3012 1496 3078 biarchis
1521 3013 1566 3078 de
1591 3011 1717 3080 Badin.
1735 3023 1773 3081 et

402 3111 609 3179 Friderieus
639 3105 757 3177 frater
788 3113 875 3178 eius.
911 3107 1103 3178 Ansalrnua
1129 3109 1356 3176 Marscaleus.
1389 3110 1588 3180 Wernssus
1612 3110 1772 3201 Dapiier.

403 3212 585 3278 Walterus
610 3208 784 3297 pincerna
807 3207 952 3302 Regalis
976 3207 1068 3275 aab.
1095 3215 1131 3275 et
1157 3207 1218 3275 alii
1244 3227 1352 3299 qrrarn
1377 3208 1510 3298 plures.

407 3331 606 3496 Sigeum
621 3357 798 3451 Domini
835 3359 872 3453 1⁴⁷
873 3355 1045 3454 ndens
1086 3357 1262 3454 secundi
1302 3341 1600 3454 Rornanorum
1643 3361 1748 3474 Reg
1737 3393 1771 3452 rs

403 3477 676 3568 ιιιιιιιιιιιιιιιιι
700 3497 743 3566 et
773 3505 944 3593 semper
974 3472 1175 3591 Augusti
1185 3496 1235 3568 et
1255 3479 1390 3594 Regis
1410 3460 1562 3574 Sicilie.
1589 3475 1772 3594 (Mono-

964 3589 1218 3724 evm-l.

507 3797 587 3886 Ego
614 3791 800 3870 cumn
824 3795 998 3868 Μιιιιιιι
1020 3797 1220 3888 Episcopus
1254 3792 1456 3886 imperialis
1485 3799 1567 3870 aule
1591 3739 1772 3890 densatis-

407 3896 497 3964 rius.
522 3895 600 3966 rica
626 3893 765 3966 domini
788 3891 912 3966 sifridi
940 3895 1205 3988 Mogsnnonrn
1227 3897 1511 3990 srenieptsropi.
1531 3898 1664 3972 sotim
1688 3897 1774 3972 Gen

409 3995 531 4066 manis
554 3989 871 4069 nofficmeetlant
892 3994 1115 4088 Recognoui.
