3746 4720
691 322 956 485 Anthemiou.
1423 363 1515 470 209

269 577 437 675 polier'c.
469 597 564 656 ¹521.
592 589 760 672 conscripti
786 589 863 652 hoec
889 601 997 654 notos:
1023 587 1228 680 privilegium
1257 589 1435 660 donationis
1462 616 1510 660 ec·

263 692 378 756 elesino
403 691 439 755 in
465 688 621 769 Photioe,
645 687 724 755 sun
750 691 946 778 Landsperg.

462 1051 473 1066 ’
608 1107 1008 1218 uccuxxrx.

280 1343 375 1405 Anno
406 1335 506 1404 1246.
563 1351 612 1406 15.
637 1339 807 1403 Decembr.
857 1338 893 1400 in
921 1338 1037 1406 Castris
1059 1341 1144 1424 opud
1169 1341 1349 1406 Forcbcim.

132 1469 506 1637 HeinricusVIlI.,
535 1534 665 1648 vulgo
684 1535 854 1642 Respo,
883 1561 982 1639 rex,
1011 1533 1237 1640 Heinrico,
1267 1535 1504 1623 Behinber-

134 1653 247 1764 gensi
278 1653 507 1767 episcopo,
535 1649 650 1738 bona
677 1651 879 1737 ecclesiae
909 1654 952 1738 in
973 1651 1138 1738 Muchil
1169 1671 1211 1736 ct
1240 1653 1283 1738 in
1301 1651 1503 1740 schidin-

132 1797 208 1880 gon
237 1767 445 1872 restituit,
474 1769 746 1880 promittens,
777 1767 896 1884 quod
924 1796 1144 1882 nunquam
1163 1770 1305 1886 ipsum
1330 1770 1384 1856 de
1404 1802 1503 1858 ouc-

133 1903 220 1970 tero
250 1887 294 1972 in
328 1881 488 1970 eisdem
518 1884 782 1992 molestabit,
813 1885 889 1971 sed
919 1887 1058 1998 potius
1090 1914 1170 2002 pro
1199 1919 1326 2004 posse
1362 1889 1502 1991 tuebi-

130 2020 217 2107 tur,
263 2001 323 2089 ita
353 2023 518 2108 tamen,
558 2005 607 2088 ut
645 2004 894 2117 etiamregi
925 2003 1131 2089 debonis
1162 1999 1398 2090 secundum
1429 2009 1502 2116 ju·

188 2120 343 2206 stiriam
373 2117 565 2226 satisfiat,
596 2147 725 2236 super
757 2121 913 2234 quibus
946 2121 1197 2238 episcopum
1226 2140 1268 2207 et
1297 2121 1434 2208 eccle-

651 2239 758 2324 siam
788 2237 965 2354 impetit.

130 2404 330 2539 Henricus
357 2467 414 2540 dei
441 2469 558 2560 gretie
581 2471 828 2542 Romanorum
853 2472 943 2559 Rex,
969 2473 1123 2565 Semper
1138 2475 1330 2564 Augustus.
1355 2472 1499 2544 uniuer-

17 2633 19 2640 ,
119 2582 172 2652 sis
197 2595 385 2674 presentes
411 2585 548 2655 littores
575 2585 791 2678 inspecturis
817 2588 971 2678 gretiam
998 2609 1099 2660 susm
1137 2597 1174 2658 et
1207 2608 1315 2657 omne
1348 2589 1495 2658 bonurn.

129 2679 254 2775 Scripsi
287 2687 469 2777 presentis
504 2685 639 2755 indicio
671 2686 836 2756 fidelitati
873 2699 994 2756 uestro
1035 2687 1203 2755 dommus
1238 2685 1496 2771 intimandum,

128 2783 216 2872 quod
249 2806 320 2856 nos
352 2785 578 2856 considerate
610 2784 782 2854 fidelitate
814 2795 851 2854 et
886 2785 999 2875 gratis
1031 2784 1195 2855 sernioiis
1229 2805 1301 2875 que
1339 2783 1494 2853 dilectus

127 2878 290 2975 princeps
317 2894 463 2970 noster,
489 2882 688 2967 Henricus,
714 2884 1020 2978 Bsbiohergensis
1034 2885 1236 2976 Episcopus
1263 2879 1493 2970 venerabilis,

129 2977 278 3072 Imperio
307 2983 460 3055 deuotus
485 2983 669 3070 exhibuit,
696 2995 732 3053 et
755 2985 902 3054 iuontec
928 2983 1033 3055 nobis
1059 2984 1193 3077 poterit
1207 2981 1376 3069 exibere,
1397 2983 1495 3064 bono

128 3083 268 3154 ecclesie
297 3103 361 3154 sue
385 3087 426 3154 In
452 3083 606 3170 Muchil,
632 3093 668 3154 et
692 3083 730 3153 in
755 3085 993 3176 Schidingen,
1019 3085 1136 3154 eidem
1161 3081 1384 3152 restituimus
1410 3105 1493 3154 cum

128 3180 215 3250 omni
239 3181 406 3274 utilitate,
431 3205 498 3254 vsu
522 3194 558 3254 et
583 3181 735 3271 honore,
761 3205 834 3278 quo
860 3195 1059 3254 memorate
1082 3181 1235 3254 ecclesie
1254 3182 1379 3252 eodem
1397 3181 1493 3262 bono
1548 3221 1552 3228 ·

126 3281 233 3350 tenuit
257 3285 305 3352 ob
330 3284 488 3376 entique·
515 3305 582 3354 nec
609 3283 726 3375 ipsum
751 3288 812 3355 uel
839 3285 1028 3356 ecclesium
1053 3305 1153 3354 suom
1179 3281 1414 3374 grnuobirnus
1431 3287 1492 3353 uel
1554 3297 1555 3302 ’

90 3425 92 3428 .
125 3381 390 3454 nolosubimns
417 3383 462 3454 de
490 3391 611 3454 cetero
636 3385 674 3451 in
701 3383 855 3471 eisdem,
882 3387 995 3454 Immo
1021 3383 1149 3476 pocius
1177 3385 1297 3473 ipsum
1320 3391 1492 3476 tunqurm

125 3475 330 3553 honorabile
357 3483 548 3552 menbrum
573 3481 812 3568 (membrum)
828 3483 971 3575 imperii
998 3480 1037 3554 in
1060 3504 1126 3553 suo
1154 3482 1234 3552 iure
1253 3481 1437 3552 tuebimur
1453 3495 1492 3552 et

123 3583 426 3653 manutenebimus
457 3571 560 3652 iuxta
584 3603 702 3674 posse.
735 3583 788 3652 ite
821 3594 941 3653 tomen
972 3595 1012 3654 ut
1045 3583 1152 3654 nobis
1177 3581 1222 3652 de
1247 3578 1354 3652 bonis
1379 3603 1491 3671 super

125 3675 246 3765 quibus
268 3683 388 3774 ipsum
414 3692 450 3752 et
475 3703 576 3754 suom
601 3682 795 3774 inpetimus
814 3683 1054 3772 (impetimus)
1081 3681 1271 3754 ecclesium
1290 3681 1488 3750 secundum
1537 3761 1541 3770 p

31 3819 46 3828 -
75 3857 79 3862 Ι
123 3771 293 3852 iusticiom
324 3781 486 3854 sotistiot.
543 3780 599 3852 Ao
633 3771 735 3854 oues
772 3779 827 3853 rei
859 3780 1087 3855 euidenoiem
1112 3781 1313 3874 pleniorem
1339 3800 1489 3872 presens

122 3876 308 3968 scriptum,
345 3883 466 3975 sigillo
497 3891 621 3953 nostre
653 3882 849 3954 maiestatis
881 3883 1050 3954 iussimus
1076 3880 1304 3953 communiri.
1352 3881 1487 3950 Dotum

122 3971 157 4038 lu
179 3981 302 4070 cestris
327 3983 424 4074 opud
448 3983 649 4052 Foroheim.
687 3991 784 4054 suno
818 3981 954 4053 domini
987 3979 1285 4054 Muccuvate
1321 3979 1488 4072 ¹Quinto-

124 4067 252 4170 dceimo
278 4080 335 4150 die
359 4083 529 4174 intrantis
552 4082 774 4156 Decembris.
825 4081 1028 4178 Indictiooe
1052 4080 1199 4178 Quinto.
1257 4173 1277 4216 a
