3870 4718
703 309 1127 426 Authsntica'·''
1286 283 1290 296 ⁸
1464 325 1518 416 al

143 555 302 653 ιιιίιιιι
328 561 364 626 ιι
389 554 438 627 ob
464 551 587 625 dirius
610 553 819 647 Magsslntia
844 551 1086 626 maerentium
1111 550 1293 672 matrique
1329 548 1519 627 imminen-

142 661 190 732 tis
224 657 463 752 singularem
484 651 686 726 dilectionis
717 655 1002 772 prerogativam
999 653 1123 745 pinne
1147 654 1363 724 ιιιιιιίιιιίι
1389 657 1519 728 affectu

141 759 374 830 intendimus
392 755 596 826 conierere
657 755 805 828 Unde
792 778 866 846 pam
899 755 994 824 diota
1028 751 1144 824 villae
1160 753 1287 824 ιοιιιι
1313 777 1395 824 cnm
1420 757 1520 825 habi

14 901 16 906 ·
121 857 369 931 ¹tatoribus
350 857 445 928 suis
452 857 658 928 libertatern
682 866 910 950 perpetuam
919 853 1164 946 indulgebas
1191 863 1227 922 et
1250 853 1310 944 jus
1327 856 1520 950 legemqu's'
1573 919 1576 926 .
1618 945 1621 953 ¹

145 961 296 1028 ciuilem
329 959 376 1028 ad
407 957 691 1048 lustariagum.
719 953 1265 1048 nntttqmpteensiatciuitstis
1289 958 1520 1048 quamadmo-

144 1059 232 1130 dum
256 1059 328 1151 ipsi
353 1055 435 1127 dat‘a
461 1059 514 1128 eis
539 1059 687 1149 optione
712 1056 973 1128 desiderarunt.
1000 1056 1188 1126 statuimus
1215 1056 1520 1147 bonet-superad-

144 1159 272 1230 dentes
296 1159 340 1226 nt
364 1161 485 1228 nullus
508 1179 680 1250 umquam
705 1157 743 1225 iu
769 1179 813 1228 aa
836 1158 1180 1228 uilla-habitantium
1193 1155 1249 1224 ius
1264 1155 1417 1246 ospitale
1433 1156 1518 1228 dare

145 1269 311 1352 cogatur.
347 1259 411 1329 sed
443 1279 510 1328 nec
543 1259 633 1327 illud
666 1257 724 1346 jus
748 1257 846 1350 qnod
871 1259 985 1350 uulgo
1011 1257 1144 1326 dicitur
1166 1254 1295 1325 liuteil.
1323 1276 1390 1324 nec
1416 1259 1519 1327 Telo·

144 1381 255 1430 nsum
284 1359 385 1451 quod
407 1361 518 1450 uulgo
545 1359 678 1428 dicitur
703 1359 775 1426 noll
802 1353 897 1430 inira
915 1358 1097 1434 ¹terminos
1122 1355 1227 1452 regni
1250 1355 1443 1450 quitquam
1473 1379 1519 1426 ex

144 1457 218 1529 illis
244 1459 332 1542 dare
358 1459 548 1530 tenebitur.
602 1459 679 1529 Hoc
706 1459 813 1528 etiam
839 1455 1003 1527 addimus
1030 1467 1075 1545 nt¹
1096 1457 1210 1550 siquis
1231 1457 1452 1524 consortium
1468 1457 1517 1525 ci·

146 1559 297 1628 utilitatis
324 1555 458 1628 ibidem
484 1559 635 1652 adeptus
660 1557 784 1628 fuerit.
810 1557 931 1628 statim
955 1567 1039 1648 post
1064 1557 1103 1625 id
1128 1551 1264 1624 iactum
1290 1555 1385 1623 nulli
1408 1555 1518 1626 aduo-

15 1721 16 1724 ,
147 1671 228 1729 cato
261 1659 471 1748 subjacebit.
508 1671 544 1728 et
570 1659 641 1754 'qui
676 1681 809 1732 annum
843 1659 896 1728 ibi
923 1657 1264 1748 'ndcprn'cinitinte
1291 1657 1463 1747 'exegerit
1488 1659 1519 1726 si

146 1759 332 1834 seruitutis
359 1757 567 1844 conditione
592 1759 761 1853 cuiquam
786 1759 970 1847 subjectus
995 1755 1109 1828 inerit
1132 1779 1199 1829 nec
1225 1757 1288 1826 ille
1321 1779 1404 1826 eum
1437 1759 1521 1849 ipso

146 1882 242 1929 auno
269 1860 458 1951 repetierit
480 1859 710 1949 postmodum
738 1860 945 1928 inunitatem
972 1857 1160 1949 repetendi
1186 1859 1304 1946 ipsum
1324 1879 1397 1931 ιιιι
1413 1855 1521 1927 habe·
1550 1911 1554 1920 .

14 1955 16 2030 i
145 1961 210 2028 bit.
264 1961 383 2052 Siquis
410 1960 517 2030 etism
544 1961 588 2028 ad
615 1963 708 2030 hanc
733 1960 857 2028 uillam
883 1958 1092 2048 fugantibus
1117 1979 1199 2026 eum
1225 1955 1380 2026 inimicis
1397 1956 1522 2025 confu-

14 2077 16 2140 ς
111 2083 113 2086 ’
147 2060 257 2152 gerit.
293 2061 391 2152 pacis
424 2057 686 2152 tranquillitate
721 2077 870 2129 securus
902 2057 1084 2148 gaudebit.
1149 2056 1338 2126 Tar-minos
1374 2079 1520 2152 quoque

14 2163 16 2170 ’
151 2159 310 2229 ciuitatis
336 2160 568 2252 assignamus.
594 2183 616 2227 a
640 2160 757 2251 plaga·
774 2156 949 2228 orientali·
976 2158 1178 2229 terminum·
1204 2153 1522 2247 mqueotbetdln-

149 2283 233 2351 gen.
285 2259 318 2329 A
344 2263 453 2352 plaga
476 2261 690 2330 occidentali
716 2255 1044 2330 transmetatio
1070 2265 1193 2328 ιιιιιι
1216 2257 1522 2326 Menecbinwilla·

149 2383 201 2430 re.
256 2361 557 2452 Aseptentrione
582 2381 697 2454 usque
722 2356 953 2430 winitiuuels.
1004 2357 1124 2451 Siquis
1157 2358 1332 2428 terminos
1367 2354 1443 2425 uim
1468 2359 1522 2425 in·

150 2459 303 2530 ferendo
339 2462 507 2552 cuiquam
542 2457 784 2533 temeraverit
819 2460 987 2552 dignim
998 2459 1280 2530 satisfactionem
1313 2457 1454 2528 ciuibus
1487 2469 1523 2528 ct

148 2557 331 2629 causidico
357 2561 464 2630 huius
489 2562 577 2629 uilla
596 2551 793 2631 exhibebit.
845 2561 923 2629 Hec
942 2563 1063 2651 legum
1079 2568 1208 2631 statuta
1223 2579 1309 2650 sepe
1327 2558 1420 2626 dicte
1436 2558 1523 2626 uille

148 2660 388 2752 indulgemus
422 2671 460 2731 et
491 2661 616 2752 ipsios
639 2661 789 2734 ecclesie
803 2659 1101 2750 decimationem
1121 2660 1235 2754 totius
1260 2658 1379 2750 predii
1405 2659 1523 2726 nostri

149 2759 291 2850 prefate
316 2757 400 2831 ville
427 2782 575 2830 censum
600 2737 878 2852 persoluenlem.
913 2760 959 2829 ad
992 2735 1169 2827 bonorem
1194 2757 1356 2826 omnium
1382 2765 1523 2825 saneto·

149 2883 232 2930 rum
260 2861 495 2956 specialiter
490 2873 626 2931 autem
637 2861 687 2929 ob
713 2857 954 2930 reuerentiam
989 2870 1114 2944 sapato
1140 2859 1336 2927 Fortunate
1368 2856 1523 2946 uirginis

151 2973 188 3034 et
221 2963 392 3050 martyris
426 2939 666 3042 attribuimus.
703 2969 743 3048 ut
777 2959 946 3050 prouisor
980 2957 1090 3060 imme
1116 2957 1195 3048 ipse
1220 2965 1366 3073 pastor
1370 2951 1524 3026 ecclesie

148 3050 428 3130 usufructuario
448 3063 531 3132 inde
558 3063 635 3130 Deo
661 3083 702 3130 ac
714 3058 864 3131 sanctis
890 3057 1060 3128 ibidem
1050 3081 1087 3126 ιι
1112 3057 1271 3150 propria.
1281 3061 1523 3147 personauon
1616 3139 1620 3146 ,

150 3157 311 3230 nicatius
338 3163 528 3231 deseruiat.
556 3171 591 3232 at
616 3163 730 3231 nostri
757 3159 968 3234 memoriam
995 3169 1033 3228 et
1058 3158 1219 3228 omnium
1245 3163 1437 3248 parentum
1463 3177 1524 3226 ιι
1589 3197 1595 3208 ,
1625 3187 1628 3196 ·

152 3272 323 3330 atrorum.
340 3273 376 3330 et
400 3263 572 3330 heredum
599 3262 718 3354 dignis
745 3261 933 3332 missarum
962 3257 1265 3328 celebrationibus
1297 3257 1430 3347 iugiter
1464 3260 1525 3326 Ιιι-

150 3361 247 3430 beat.
266 3371 302 3430 et
322 3372 363 3431 ut
378 3361 475 3430 ciues
491 3361 646 3454 predicti
663 3360 951 3430 anniuersarium
967 3358 1087 3430 obitus
1103 3357 1216 3428 nostri
1231 3357 1326 3426 diem
1344 3355 1524 3448 solempni

147 3461 311 3532 recolam
336 3459 643 3554 frequentatione.
690 3461 906 3530 indulsimus
921 3456 1029 3528 eiiam
1046 3460 1098 3528 aia
1113 3457 1300 3549 propriam
1312 3455 1434 3526 facere
1446 3478 1522 3527 mo·

148 3571 270 3630 oetam
296 3574 333 3632 et
358 3564 510 3642 habere..
531 3573 573 3632 ut
598 3561 698 3655 qued
716 3583 769 3638 ex
786 3579 836 3636 ¹ea
861 3559 1087 3652 protienarit.
1102 3565 1422 3650 =aupenautrnm
1455 3573 1519 3626 uo·

150 3672 267 3736 strom
293 3659 614 3740 insolescentes,
637 3663 674 3736 si
701 3661 800 3754 quis.
808 3660 1076 3736 etiannitiun
1101 3674 1255 3734 uxorem
1281 3656 1326 3726 de
1359 3657 1432 3728 alia
1451 3657 1534 3730 nc»

149 3762 291 3834 uocatis
324 3761 480 3832 duxerit.
511 3762 711 3835 aduncatus
744 3761 850 3836 docte
873 3759 1018 3835 ιιιιιιι
1042 3759 1185 3832 marito
1203 3757 1353 3834 liberam
1380 3767 1417 3826 et
1443 3757 1522 3829 sine

149 3862 379 3952 querimonia
413 3862 577 3940 dimittet.
624 3861 711 3938 Ad
716 3861 839 3938 boias
858 3870 993 3936 ιιιιιι
1016 3859 1100 3936 iacti
1115 3857 1260 3940 nostri„
1268 3855 1521 3932 certitudinem

14 3983 20 3990 ·
149 3963 242 4032 banc
268 3962 437 4054 peginam
461 3962 557 4040 indo
572 3961 823 4052 conscriptam
838 3961 959 4053 sigilio
984 3970 1110 4036 nolito
1136 3956 1306 4035 iussimus
1340 3951 1532 4047 insigniri.'

149 4061 274 4134 Testes
295 4063 415 4134 teins
432 4063 503 4144 rai,
511 4073 604 4137 sunl.
654 4060 868 4144 chunradus
886 4059 1071 4151 wenna
1100 4069 1150 4136 ei
1173 4057 1350 4150 spinensis
1374 4057 1536 4148 Epiron·-

201 4184 352 4234 nsnacm
369 4187 590 4238 venatuum
592 4185 770 4232 ιιοιωιοιι
786 4185 879 4232 nm.
1270 4169 1312 4231 il
