3804 4718
501 269 508 308 Ι

535 385 539 394 .
635 311 917 410 uuunder.

361 574 456 734 [¹
634 589 926 770 ²·uo'1ssitv.

261 947 270 956 .
347 898 349 911 '
387 899 480 958 Anao
510 883 635 964 1224.¹
664 913 775 958 menae
799 891 950 959 Februer.
1002 893 1186 958 Cathunlae.

94 1096 129 1184 F
129 1075 363 1179 rudericus
380 1089 432 1176 11.
468 1065 700 1202 imperator
738 1087 940 1173 fratribus
970 1085 1188 1198 hospitalis
1222 1087 1344 1178 Setae
1373 1092 1471 1182 Ma-

94 1211 186 1298 riae
221 1206 646 1304 Theotonicorum
620 1235 678 1296 Ιιιι
712 1204 948 1292 Jerusalem
991 1204 1262 1294 donationem
1303 1207 1473 1298 Ottouis

98 1327 289 1442 episcopi
317 1318 687 1458 Wira'iliurgensis
717 1341 760 1408 et
789 1311 1026 1431 capituli
991 1352 1080 1407 erus
1123 1321 1367 1432 confirmat,
1406 1330 1473 1414 ni·
1534 1425 1538 1432 ¹

96 1447 263 1544 mittun
298 1443 460 1531 curiam
499 1443 543 1526 in
577 1439 742 1526 civitate
773 1437 1121 1554 Wirzihurgcnsi
1151 1440 1263 1528 ultra
1294 1443 1474 1560 Mogum

96 1565 218 1650 iuxta
246 1559 552 1646 monasterium
571 1558 814 1660 Scotorum,
842 1585 941 1641 cum
973 1557 1165 1642 curtibus
1186 1558 1241 1643 ad
1262 1589 1356 1645 eam
1373 1585 1475 1672 per·

153 1673 447 1844 tinentihu's,
471 1700 586 1810 quae
614 1673 717 1759 olim
745 1674 827 1758 fuit
857 1676 925 1758 uvi
956 1675 1021 1758 sui
1048 1674 1317 1766 Fridericil.
1349 1697 1392 1764 et

290 1794 569 1956 patrissui
594 1771 769 1932 Henrici
795 1791 871 1879 vt
901 1792 1223 1904 imperatorum
1475 1803 1478 1814 '

99 2021 366 2110 (Gkrssmdra)
398 1960 454 2093 In
481 1945 627 2095 namtas
653 2023 775 2092 s'ancte
792 2031 829 2090 et
842 2019 1028 2092 andrmdue
1044 2021 1227 2093 trrmtatls
1255 2021 1475 2094 Fridsricus.

97 2137 280 2212 secundus
305 2139 430 2216 uotae
454 2137 598 2211 fauente
626 2138 816 2214 elementia
842 2139 1087 2208 Romanorum
1106 2141 1319 2226 imperator
1329 2159 1477 2229 semper

96 2247 283 2329 Augustus
309 2247 345 2306 et
368 2232 447 2306 Re'x
473 2239 608 2308 sicilia·
655 2241 754 2306 luter
778 2239 881 2308 uaria
906 2240 1062 2308 humane
1088 2237 1337 2308 sollicitudinis
1377 2259 1477 2306 exer·

98 2340 192 2408 cicia
227 2359 269 2406 ea
303 2337 409 2405 nobis
440 2339 618 2428 proficere
653 2361 695 2406 sc
720 2340 911 2428 preualere
937 2337 983 2404 ad
1008 2336 1126 2405 anime
1152 2339 1306 2406 salutem
1333 2337 1478 2408 confidi·

97 2459 191 2508 mus.
220 2459 295 2528 que
319 2435 518 2505 Christiane
543 2437 714 2527 rellgioni
741 2437 785 2504 de
812 2436 1002 2505 clementio
1026 2445 1151 2505 nostra
1186 2438 1405 2533 conferimus
1439 2451 1477 2510 et

99 2537 268 2608 ecclesiis
299 2558 342 2606 ae
375 2529 564 2627 rettgtosit
591 2537 756 2627 personis
771 2537 826 2606 ad
852 2537 960 2605 fidem
988 2525 1199 2604 catholicam
1226 2521 1477 2629 ampliandam,

99 2633 386 2708 misericorditer
410 2635 617 2727 elargimur.
670 2639 744 2704 Hac
770 2636 885 2725 igitur
910 2627 1064 2703 inducti
1083 2638 1369 2706 consideratione
1406 2641 1479 2707 lau·

98 2737 226 2806 debili·
239 2735 474 2842 diligentins
485 2736 713 2814 attendentes
747 2737 993 2826 religionem
989 2746 1033 2802 e't
1070 2737 1298 2804 honestatem
1323 2737 1476 2806 fratrum

98 2834 290 2927 hospitalia
316 2836 437 2904 sancte
464 2829 593 2904 Maria
604 2835 930 2902 theotonicorum
919 2855 958 2900 ιιι
984 2825 1195 2901 Jerusalem.
1220 2855 1289 2938 pro
1314 2835 1477 2904 remedio

100 2957 251 3030 quoque
276 2935 394 3004 anime
420 2945 544 3003 nostre
570 2946 606 3004 et
632 2930 798 3002 diuorum
813 2938 1058 3024 Augustorum
1085 2932 1198 3002 felicis
1227 2933 1400 3001 memorie
1418 2955 1479 3023 pa·

101 3038 166 3105 tria
194 3046 233 3105 et
259 3037 383 3103 matris
408 3045 541 3103 nostre.
569 3035 799 3103 donationem
822 3055 928 3124 quam
945 3031 1034 3101 Otto
1055 3033 1272 3101 venerabilia
1287 3031 1479 3104 wirzibur-

99 3137 225 3226 gensis
250 3136 451 3224 episcopus
478 3135 733 3224 etCapitulum
760 3133 920 3201 eiusdem
946 3133 1097 3201 ecclesie
1124 3134 1294 3223 hospitali
1307 3133 1475 3224 predicto

101 3237 271 3305 fecerunt
296 3235 344 3324 ds
367 3235 510 3334 Οιιιίι·
497 3259 553 3318 ιιι.
561 3233 721 3316 Ciuitate
742 3233 1048 3324 wirziburgenai
1042 3233 1162 3303 ultra
1196 3254 1345 3322 megum
1379 3233 1480 3305 iaxta

105 3329 369 3423 Menanterium
387 3336 586 3422 Scotorum
611 3355 695 3416 curn
722 3331 892 3406 Curtibus
917 3328 999 3410 ad
989 3353 1102 3422 ipsam
1131 3334 1276 3402 Curiam
1302 3333 1483 3424 pertinen·

104 3435 203 3508 tibus
232 3438 423 3502 constituta
450 3457 519 3524 que
546 3436 633 3501 olim
660 3433 728 3503 suit
752 3432 929 3500 Fridorici
953 3431 1022 3510 Aui
1047 3442 1084 3500 et
1108 3431 1247 3504 domiui
1268 3430 1407 3504 henrici
1421 3457 1483 3526 pa

103 3534 172 3604 tris
197 3533 313 3602 nostri
339 3533 500 3602 felicium
525 3542 758 3624 augustorum
785 3531 978 3621 recolende
1004 3531 1179 3622 memorie
1203 3531 1481 3626 inperpetuum

104 3634 374 3703 confirmamus.
423 3635 478 3701 D'e
501 3631 783 3700 habundantiori
811 3650 955 3724 quoque
982 3627 1098 3722 gratia
1123 3628 1247 3701 nostr'a
1273 3641 1308 3700 et
1340 3635 1482 3704 celsitu·

103 3733 198 3804 dinis
226 3729 483 3819 munificentia.
519 3730 728 3824 quicquid'
715 3732 808 3822 Juris
832 3732 870 3800 in
896 3733 975 3825 ipsa
1001 3731 1128 3802 Curia
1134 3731 1231 3800 uel
1221 3757 1259 3800 ιιι
1285 3729 1407 3802 Curiis
1433 3729 1480 3802 ad

101 3853 184 3902 eam
210 3809 484 3922 pertinentibus.
501 3833 687 3900 habemus.
712 3833 772 3898 uel
799 3832 933 3928 hahere
958 3831 1135 3922 uidemur.
1161 3832 1279 3916 eidem
1310 3833 1481 3925 hospitali

101 3941 140 4002 et
163 3932 339 4000 fratribus
366 3930 583 4020 supradictis
608 3907 815 3998 liberaliter
836 3931 1043 4023 elargimur.
1096 3911 1299 4005 Statuentes
1332 3941 1369 4002 et
1400 3955 1480 4023 pre·

101 4033 219 4104 sentis
240 4030 422 4122 priuilegli
450 4030 662 4100 auctoritate
689 4029 875 4098 firmiter
863 4031 1102 4124 iniungentem
1130 4042 1170 4101 ut
1194 4033 1294 4100 nulla
1329 4033 1477 4102 omnino

155 4153 224 4199 ιιοι.
240 4151 299 4197 nata
301 4152 520 4202 ,vamum
534 4151 726 4198 maritatam-a
742 4152 836 4202 ...ιιι
1223 4127 1268 4203 16
