3746 4720
643 317 647 322 ’
693 309 957 397 Anthentiea.
1377 303 1410 324 ”
1440 315 1526 435 360
1576 395 1582 408 ,
1657 257 1660 264 Α

146 545 305 664 ipsius,
335 573 421 632 non
451 544 643 630 obstante
672 542 897 630 donatione
928 545 1051 656 plene
1076 553 1412 664 recompensatio
1435 553 1520 660 fiat,
1642 547 1649 558 ’

149 683 383 780 antequam
423 663 533 748 inter
576 661 814 775 praedictos
852 663 1084 750 avunculos
1126 693 1225 750 sues
1264 667 1522 757 Ledwicum

130 831 136 844 ·
310 801 353 868 et
390 777 640 868 Heinricum
672 780 821 893 „aliqua
860 780 1009 866 divisio
1051 779 1104 866 de
1138 783 1368 892 praedietis

260 895 264 903 ’
546 896 875 1013 proprietatibus
904 898 1123 984 habeatur.
1247 1005 1254 1011 .

147 1058 395 1194 Choaradus
413 1117 606 1202 ,Secundus
635 1119 692 1188 dei
719 1120 834 1208 gratia
859 1117 1059 1192 Jerusalem
1087 1129 1122 1188 et
1148 1115 1282 1210 Syeilie
1310 1121 1403 1207 Rex,
1441 1127 1522 1192 Dux

146 1237 294 1306 Sveuie.
345 1239 508 1307 Humana
535 1245 678 1306 natura.¹
704 1235 788 1328 quia
815 1235 932 1306 labilis
965 1245 1019 1303 eat
1053 1245 1088 1303 et
1120 1235 1254 1304 breuis.
1288 1257 1439 1308 necesse.
1468 1249 1522 1306 est

144 1337 193 1406 ad
220 1339 433 1404 memoriam
461 1359 583 1406 rerum
604 1347 786 1428 gestarum
807 1335 1049 1405 obtinendam.
1075 1336 1253 1424 scripture
1275 1327 1526 1436 testimenium

145 1437 329 1504 adhiberi.
382 1439 522 1505 Tenere
548 1439 672 1530 itaque
697 1438 918 1528 presentium
945 1436 1180 1526 protestando
1208 1437 1350 1526 publice
1379 1439 1523 1527 prefite·
1586 1489 1599 1498 .

143 1559 243 1626 mur.
273 1545 312 1606 'et
339 1548 465 1606 netum
485 1537 642 1638 facimus
660 1538 837 1606 uniuersis
859 1535 1082 1604 intuentibus
1101 1535 1230 1604 seriem
1255 1539 1361 1606 huius
1383 1539 1518 1627 scripti.

136 1636 249 1729 'quod
275 1657 341 1704 nes
367 1638 602 1707 consideratis
628 1635 767 1728 magnis
793 1637 980 1706 laboribus
1007 1646 1042 1704 et
1068 1637 1245 1725 expensis.
1282 1660 1371 1728 quas
1400 1645 1519 1706 neura·

142 1740 252 1805 culus
276 1747 402 1804 nester
426 1739 637 1806 karissimus
662 1738 856 1806 Lodwicus
883 1736 1036 1804 illustris
1064 1737 1192 1807 Comes
1221 1737 1402 1804 Palatinus
1429 1740 1518 1808 lieh-
1577 1733 1584 1741 ’

142 1839 206 1924 ni,
234 1840 316 1904 Dux
342 1837 791 1928 Bawarie,'precedende
826 1839 1011 1906 nobiscum
1044 1837 1080 1903 in
1115 1839 1314 1922 Veronam,
1352 1861 1433 1906 cum
1460 1843 1520 1904 lto·

141 1947 252 2006 nesta
277 1949 497 2009 armatorum
524 1949 560 2004 et
587 1939 737 2032 rnilitum
766 1938 949 2006 eomitiua.
987 1947 1023 2004 et
1055 1937 1188 2004 ibidem
1224 1937 1349 2006 stando
1386 1936 1421 2004 in
1459 1927 1524 2004 no?

142 2039 232 2108 stris
258 2037 420 2125 seruicijs
448 2038 542 2104 feeit.
583 2039 751 2104 decerta
785 2049 907 2124 nestra
943 2021 991 2103 ct'
1014 2040 1199 2104 consulum
1237 2059 1276 2104 ac
1309 2037 1519 2106 officialium

142 2145 360 2207 nostrorum
393 2135 622 2205 conscientia.
656 2137 824 2206 videlicet
856 2135 1008 2224 Reperti
1042 2135 1229 2230 filmagerij
1266 2137 1427 2226 magistri
1463 2160 1520 2204 ex·

142 2257 342 2332 pensarum
366 2247 593 2323 nostrarum,
616 2234 779 2327 magistri
804 2238 902 2304 Petri
929 2236 973 2302 de
1000 2235 1110 2304 Prece
1133 2235 1394 2324 prothonotarij
1420 2237 1520 2304 curie

141 2348 292 2422 nostre,
319 2337 498 2407 Faiderici
524 2337 658 2426 notarij
684 2337 817 2422 nostri,
843 2357 884 2406 ae
910 2335 1021 2404 Vlriei
1047 2335 1092 2404 de
1119 2335 1349 2406 Memiurlors.
1385 2338 1445 2427 qni
1473 2337 1517 2404 ab

21 2429 23 2434 ’
142 2437 359 2524 officialibus
385 2439 499 2528 ipsius
526 2439 702 2506 Auuneuli
729 2435 863 2522 nostri,
893 2435 1041 2506 fuerunt
1074 2436 1118 2504 de
1152 2437 1259 2528 ipsis,
1294 2436 1518 2505 racionabili-

143 2552 225 2625 ter,
254 2539 419 2630 expensis
447 2539 614 2628 expediti.
653 2537 770 2608 cidem
797 2540 976 2606 auunculo
1013 2547 1140 2606 nestro
1175 2537 1212 2605 in
1248 2558 1519 2627 recompensem
1589 2579 1593 2586 -

144 2641 313 2730 ipsarum
338 2661 586 2730 expensarum.
607 2641 711 2730 ‘quas
744 2640 812 2728 ipsi
848 2649 932 2705 tunc
967 2638 1152 2726 temporis.
1194 2637 1276 2703 licet
1311 2659 1378 2725 pro
1412 2659 1450 2704 sc
1476 2659 1517 2705 ec
1597 2697 1601 2704 .

147 2739 224 2808 suis
250 2736 353 2826 valde
379 2738 597 2806 necessarias
625 2739 819 2804 habuisset.
855 2741 997 2804 soluere
1031 2757 1103 2802 nen
1137 2735 1330 2823 potuimus.
1369 2735 1519 2808 aduoca-

144 2839 238 2908 tiam
277 2838 431 2906 ciuitatis
472 2847 594 2906 nostre
627 2837 664 2904 in
702 2835 884 2925 Augusta,
926 2837 1288 2924 Castrum⁸nostrum
1324 2831 1516 2920 Swabelslt,

36 3003 40 3006 .
119 2961 232 3006 -oum
260 2938 358 3005 omni
383 2933 595 3007 aduocatis.¹
619 2959 726 3028 quam
752 2945 838 3027 aput
864 2944 1012 3004 stratam
1039 2954 1149 3023 super
1172 2933 1338 3026 bomincs
1365 2933 1516 3001 etheus

146 3036 312 3110 omnium
337 3036 571 3107 eeclesiarum
599 3037 755 3105 ciuitatis
790 3047 825 3103 et
857 3034 1021 3126 dyocesis
1056 3035 1241 3102 habemns.
1292 3036 1379 3100 item
1407 3031 1516 3100 adue·
1617 3097 1633 3128 9
1728 3053 1736 3059 ·

146 3136 279 3210 cutiam
304 3159 416 3230 super
439 3132 603 3209 hemines
629 3147 665 3206 et
689 3139 787 3205 bena
820 3135 969 3204 ecclesie
1004 3134 1040 3202 in
1074 3133 1258 3215 Fuczzcn,
1297 3141 1331 3199 et
1368 3129 1512 3200 Curiam

132 3250 311 3333 ‘nostram
337 3261 447 3330 supra
469 3242 629 3309 Mentem
656 3260 736 3306 cum
764 3237 930 3306 omnibus
961 3232 1129 3317 Juribus,
1167 3231 1419 3324 dignitatibus,
1457 3235 1518 3300 Ju·
1550 3242 1553 3252 '

149 3339 275 3428 dicijs,
318 3339 544 3426 Adueeatijs,
586 3359 626 3406 ae
664 3339 742 3424 alijs
783 3337 1002 3440 quibuslibet
1042 3332 1269 3424 pcrtinentijs
1307 3332 1517 3402 eorundem.
1620 3347 1644 3424 g
1688 3345 1691 3352 ’

146 3440 434 3532 proprietatibus
455 3439 623 3508 videlicet
648 3460 690 3506 ae
717 3436 919 3528 feodalibus
943 3433 1059 3503 benis.
1100 3455 1166 3523 pro
1195 3432 1345 3500 tribus
1371 3431 1518 3501 milibus

147 3543 355 3609 Marcoman
380 3540 463 3629 puri
488 3538 639 3629 argenti.
682 3557 763 3604 cum
791 3547 909 3604 tamen
936 3554 1092 3624 expense
1118 3555 1200 3620 sue,
1236 3553 1409 3600 summam
1436 3553 1518 3620 pre·

123 3639 303 3724 dietam,
329 3641 437 3729 lenge
457 3637 761 3707 transcenderent.
801 3635 907 3703 titulo
939 3633 1100 3723 pigneris
1134 3632 1404 3723 obligauimus,
1428 3643 1519 3702 tam·

151 3739 213 3808 diu
239 3738 475 3830 possidenda,
502 3738 617 3807 denec
643 3736 732 3822 sibi,
757 3733 899 3824 pueris,
931 3735 995 3801 vel·
1013 3734 1121 3804 uxori
1147 3755 1221 3802 aue.
1256 3754 1322 3822 per
1346 3751 1434 3814 uos,
1461 3734 1519 3798 vel

151 3860 398 3932 quoscumque
433 3837 631 3908 eorundem
658 3837 838 3906 bonorum
870 3854 1108 3904 successores.
1145 3833 1238 3900 dicta
1265 3830 1439 3920 peccunia
1464 3830 1517 3896 in-

152 3935 342 4028 tegraliter
377 3939 486 4006 fuerit
518 3939 713 4027 persoluta.
753 3931 905 4002 demum.
946 3943 983 4002 vt
1018 3932 1170 4000 eundem
1204 3930 1420 3998 auttnculum
1454 3949 1517 3996 uo·
1579 3941 1580 3948 ’

154 4049 279 4108 stram.
315 4059 422 4130 quem
457 4048 608 4128 prepter
638 4035 722 4102 fidei
758 4055 821 4102 sue
855 4033 984 4102 merita
1016 4031 1164 4121 speciali
1199 4029 1388 4098 dilectione
1423 4025 1518 4096 inter

201 4137 265 4206 vlea.
281 4162 345 4204 neta.
363 4161 415 4206 Vol.
435 4161 499 4206 m.
519 4173 560 4204 m
577 4157 722 4202 callaecianis
741 4169 813 4201 seru
826 4153 873 4200 'ut
1259 4137 1305 4206 It'l
