3848 4738
746 295 872 412 episc.
908 295 1055 382 Palam.
1444 409 1450 416 Ι
1499 305 1586 396 353
1640 243 1644 256 ι

201 531 320 626 ipsum
357 529 402 602 de
435 529 569 602 eisdem
610 528 880 618 iuuesliuimna,
922 487 1142 600 conferimus
1181 536 1217 600 et
1251 528 1471 622 infestimus,
1504 557 1584 628 gra

201 635 329 703 tiosius
363 631 400 700 in
443 631 620 723 presenti,
663 631 842 702 adhibitis
877 630 923 699 ad
957 631 1031 703 hoc
1064 632 1388 722 sollempnitatibus
1425 645 1461 706 et
1494 639 1583 708 ceri·

201 753 331 824 monys
365 729 495 800 debitis
528 741 564 800 et
597 732 781 802 consuetis
808 732 968 821 Recepto
1005 730 1111 799 etiam
1147 731 1193 798 ab
1229 731 1308 822 ipso
1348 735 1456 804 solito
1496 737 1582 806 fide·
1714 733 1717 740 '

202 835 313 902 litatis
352 842 386 899 et
420 853 551 922 omsgy
584 831 783 900 iuramento
817 831 914 924 quod
949 830 1125 900 nobis‘et
1157 831 1316 922 Imperio
1359 853 1463 904 sacro
1498 835 1583 908 fide·

197 935 243 1003 tis
276 930 439 1003 subditus
479 941 515 1001 et
549 927 722 1000 obediens
755 930 1008 1018 secedebant,
1043 951 1084 1000 ao
1111 931 1220 1000 etiam
1248 941 1434 1018 teneatur,
1458 937 1584 1007 nostra

79 1103 88 1118 ‚
126 1025 127 1030 ’
197 1033 353 1125 dampna
378 1031 456 1100 siue
482 1033 637 1100 iacturas
664 1031 861 1101 auertendo
887 1041 923 1099 et
950 1042 1094 1101 nostros
1128 1031 1287 1102 honores
1323 1042 1359 1101 et
1393 1035 1583 1107 commoda
1661 1050 1668 1060 '

195 1155 266 1225 pro
294 1154 359 1202 suo
387 1153 490 1223 posse
516 1131 669 1201 fideliter
694 1130 943 1222 procurando,
968 1133 1162 1224 omniaque
1188 1141 1224 1200 ct
1250 1132 1390 1228 singula
1416 1133 1581 1206 iaciendo

196 1234 242 1302 ad
268 1241 338 1326 qus
364 1233 445 1300 talia
472 1233 642 1324 Princeps
665 1233 827 1302 Romano
853 1232 945 1322 Regi
972 1243 1008 1301 et
1034 1231 1191 1322 lmperio
1215 1241 1397 1325 tamquam
1425 1237 1580 1304 naturali

195 1355 261 1403 suo
287 1331 433 1401 domino
460 1328 504 1402 de
530 1333 610 1401 iure
643 1333 701 1400 uel
735 1333 995 1402 consuetudine
1028 1331 1230 1402 dinoscitur
1262 1333 1428 1424 obligari.
1464 1335 1580 1406 Saluis

194 1433 374 1502 tamenin
403 1431 586 1524 premissis
612 1433 749 1503 uostris
774 1442 808 1501 et
832 1435 977 1524 lmpery
1011 1432 1102 1500 sacri
1133 1428 1274 1500 iuribus
1308 1455 1349 1501 ac
1382 1437 1579 1526 quorumli-

193 1534 255 1602 bet
277 1532 443 1603 aliorum.
470 1532 683 1602 Mandamus
710 1529 846 1603 idcirco
872 1531 1051 1602 uniuersis
1077 1541 1114 1601 et
1138 1531 1290 1622 singulis
1312 1531 1467 1603 vasallis.
1493 1533 1579 1604 Vni·

147 1699 150 1708 .
192 1631 428 1704 uersitatibus
461 1633 684 1722 lusatitiarys
720 1632 892 1702 Officiatis
927 1632 1137 1722 Cererisque
1172 1642 1353 1702 terrarum
1381 1633 1578 1706 ciuitatum

193 1745 229 1804 et
261 1737 426 1816 locorum
452 1733 697 1823 quorumlibet
728 1732 816 1801 dicti
850 1731 1021 1835 Episcopi
1056 1731 1279 1810 Patauiensis
1303 1731 1486 1824 Principis,
1514 1756 1607 1820 noy

193 1834 259 1904 stri
287 1843 322 1902 et
347 1854 411 1904 sue
438 1829 658 1902 Patauiensis
684 1833 844 1904 Ecclesia
878 1827 1032 1904 subditis
1065 1831 1128 1924 qui
1162 1854 1230 1923 per
1261 1827 1380 1923 ipsum
1412 1834 1606 1927 requisiti!

191 1933 330 2004 ineant
353 1932 506 2002 firmiter
539 1942 577 2003 et
609 1932 783 2002 districte.
817 1935 1001 2029 Quatenus
1036 1932 1153 2001 eidem
1178 1931 1359 2024 Episcopo
1392 1943 1577 2028 tamquam

189 2035 355 2129 ipsorum
382 2035 542 2116 (lacuna)
569 2045 606 2102 et
630 2033 784 2101 naturali
812 2033 959 2102 domino
985 2033 1022 2099 io
1048 2028 1216 2100 omnihus
1242 2031 1381 2102 iuribus
1415 2036 1488 2102 suis
1522 2056 1579 2104 re·

153 2147 362 2212 ,uerenter
388 2132 560 2204 obediant
585 2141 618 2200 et
646 2131 825 2200 fidelitatis
857 2152 900 2200 ac
934 2151 1069 2222 omagy
1105 2139 1269 2219 prestare
1302 2153 1374 2198 uon
1408 2131 1576 2204 differant

192 2237 299 2306 solita
334 2236 553 2317 iuramenta,
586 2231 778 2321 debitaque
813 2239 849 2299 et
881 2232 1058 2312 (lacuna)
1090 2225 1160 2298 sibi
1193 2229 1349 2298 seruicia
1385 2231 1431 2299 ad
1462 2232 1575 2322 ipsius

191 2332 465 2428 requisitionem
492 2351 556 2400 seu
583 2331 837 2400 remissionem
862 2339 1031 2422 prompte
1050 2339 1086 2398 et
1111 2325 1267 2398 fideliter
1292 2340 1516 2424 exequantur
1537 2335 1576 2402 Si

190 2437 272 2530 quis
298 2446 417 2504 autem
444 2430 668 2500 contrarium
703 2439 916 2521 attemptare
951 2429 1214 2523 presumpserit
1253 2432 1413 2515 (lacuna)
1452 2441 1572 2509 nostre
1607 2481 1610 2491 v

189 2533 450 2626 indignationis
477 2552 605 2622 penam
632 2540 667 2600 et
691 2533 842 2618 Centum
868 2532 1073 2600 Marcarum
1106 2529 1185 2598 auri
1217 2528 1301 2621 puri
1333 2533 1449 2602 tocies
1483 2556 1575 2626 quo·
1641 2544 1649 2553 “

187 2639 262 2707 cies
289 2633 551 2704 contrafactum
574 2631 687 2699 'fuerit
713 2653 752 2700 se
777 2631 918 2702 noverit
954 2631 1204 2719 incursurum,
1248 2633 1408 2730 Quarum
1441 2634 1574 2704 medie·

188 2747 300 2806 tatem
335 2729 462 2824 Regali
495 2741 617 2800 nostre
653 2731 816 2814 (lacuna),
847 2730 924 2801 siva
963 2731 1050 2802 fisco
1087 2729 1278 2799 residuam
1309 2753 1398 2801 rero
1431 2743 1573 2822 partem
1630 2725 1638 2758 ‘¹

184 2835 274 2905 dicti
297 2834 517 2903 Patauiensis
533 2827 703 2921 Episcopi
730 2830 855 2900 vribus
879 2833 1045 2900 volumus
1071 2829 1371 2899 irremissibiliter
1395 2831 1573 2922 applicari

183 2935 411 3006 Presentium
437 2933 503 3003 sub
530 2941 652 3000 nostre
679 2932 838 3000 Romane
863 2931 977 3020 Regio
1002 2925 1209 3000 Maiestatis.
1246 2931 1405 3016 (lacuna)
1438 2933 1573 3002 littera·

184 3059 267 3106 rum
294 3041 424 3104 Datum
450 3031 584 3124 Pycsce
611 3053 703 3101 anno
729 3030 864 3100 domini
890 3026 1084 3110 Milleaimo
1109 3030 1378 3099 Trecentesimo
1394 3031 1570 3126 octuage-

186 3141 280 3207 simo
308 3136 425 3227 primo
450 3132 648 3202 indictione
676 3142 825 3222 quarta,
861 3131 896 3200 X
921 3131 1097 3203 liniendas
1129 3131 1480 3222 Mayngnorum..
1507 3135 1572 3219 (la-

184 3245 294 3322 cuoa]
321 3245 470 3316 octauo,
494 3230 647 3304 Romani
673 3231 770 3302 Vero
796 3229 941 3330 Quinto.

400 3337 402 3347 '
827 3327 833 3334 '
1026 3330 1081 3398 De
1107 3327 1277 3400 mandato
1303 3329 1440 3402 domini

1024 3429 1136 3519 Regis
1159 3429 1343 3503 Conradus
1365 3435 1568 3528 Episcopus

845 3524 849 3532 ’
877 3551 882 3564 ·
1024 3527 1247 3602 Lubicensia.
1348 3565 1362 3590 x

228 4143 292 4190 Ιοι.
307 4140 373 4187 lists.
391 4140 447 4188 vat.
460 4141 524 4190 m.
542 4131 583 4185 ses
595 4137 742 4185 eminus-ts
757 4111 830 4186 sarda
847 4137 893 4190 nt.
