3804 4718
391 310 477 416 mu
587 245 622 402 ο.
786 310 1033 429 Diplemata
1060 309 1376 428 Imperatorum

939 575 1327 770 uuxcur⁵
1503 649 1520 808 ⁶·

393 879 487 966 tinne
518 911 612 966 1230.
665 901 802 982 exeunte
824 889 1067 974 Juliopotius,
1095 905 1190 980 quum
1218 905 1329 951 mense
1357 869 1515 976 Augusto.
1533 847 1635 972 ¹apud
1657 887 1776 954 'Solum

695 988 699 998 ’
746 999 749 1006 ’
948 991 1190 1061 ,Germanum

136 1199 142 1206 '
262 1255 264 1262 ι
391 1191 636 1298 Fridericus
666 1161 717 1278 II.
749 1190 1006 1308 imperator,
1046 1179 1217 1300 petente
1243 1179 1498 1277 Eberhardo
1533 1181 1771 1318 archiepis-

394 1339 503 1424 copo
546 1311 867 1425 Selnburgensi,
910 1306 1242 1393 instrumentum
1281 1294 1519 1400 donationis
1562 1302 1651 1394 eius
1689 1301 1773 1388 srbi

395 1432 586 1518 oblatum
616 1429 831 1540 adprobet.
854 1445 897 1512 et
926 1421 1173 1526 confirmat,
1216 1447 1304 1532 quo
1335 1418 1451 1504 idem
1482 1418 1774 1534 archiepisco-

394 1553 476 1661 pus
508 1549 639 1651 cavit,
670 1577 739 1631 ne¹
755 1544 975 1630 advocatie
1002 1540 1322 1650 possessionum
1355 1537 1527 1646 capituli
1556 1539 1689 1649 ipsius
1726 1539 1774 1624 in

394 1657 540 1770 Helle,
561 1666 811 1780 ‘Pettingem
844 1659 1035 1764 Seldorf,
1065 1657 1282 1772 Kiemkev
1311 1673 1353 1739 et
1372 1653 1639 1772 Svn'dergut,
1670 1673 1775 1742 tune
1894 1695 1897 1758 l

400 1863 404 1871 ,
433 1805 439 1813 ’
464 1809 656 1890 vacans,.
673 1809 805 1898 porro
838 1779 892 1864 nd
921 1803 1096 1861 menum
1126 1776 1327 1878 alienam,
1357 1791 1527 1884 practer
1549 1799 1701 1861 manus
1896 1780 1897 1800 ¹

653 1895 656 1902 ’
705 1897 1151 2010 archiepiscoporum,
1180 1889 1473 1978 transferatur.

398 2126 648 2214 (Chremen.)
693 2069 921 2210 Leontina
948 2137 1070 2208 sancte
1097 2135 1132 2196 et
1157 2123 1346 2214 Indiuidua
1372 2119 1571 2196 Trinitatis.
1621 2123 1781 2195 Frideri·
1898 2147 1899 2160 ¹

398 2269 461 2316 cus
487 2245 665 2316 secundus
692 2245 815 2314 diuina
839 2245 983 2314 iouente
999 2243 1189 2312 clementia
1204 2245 1451 2312 Romanorum
1467 2244 1670 2332 Imperator
1683 2263 1779 2328 sem·

397 2368 465 2438 per
490 2349 670 2439 Augustus
696 2347 896 2414 Jerusalem
924 2357 959 2413 et
985 2343 1103 2412 Sicilie
1129 2346 1217 2411 Rex.
1268 2341 1305 2432 Si
1333 2341 1456 2410 diuine
1493 2341 1688 2411 maiestatis
1723 2341 1778 2410 in·

398 2446 495 2516 tuitu
526 2467 594 2534 per
626 2468 734 2536 quem
767 2444 923 2512 feliciter
956 2445 1187 2532 imperamus.
1222 2443 1458 2534 ecclesiarum
1482 2442 1593 2512 saluti
1617 2453 1652 2510 et
1678 2465 1776 2512 com·

399 2544 510 2630 modo
536 2545 598 2634 pia
622 2545 839 2633 ,prouisione
875 2544 1106 2613 consulimus.
1134 2541 1355 2612 celsitudinis
1382 2553 1505 2610 nostre
1541 2541 1667 2612 titulos
1703 2565 1786 2610 em*

193 2667 196 2674 ⁴
313 2678 320 2691 =
399 2646 564 2736 pliamus.
591 2653 625 2712 et
652 2645 836 2732 celestium
863 2643 1121 2712 beneficiorum
1147 2665 1325 2710 memores
1359 2644 1491 2734 quibus
1524 2643 1697 2710 affluimus
1732 2644 1776 2712 de

399 2745 542 2836 premio
570 2745 820 2814 retributionis
847 2756 970 2815 eterne
996 2743 1140 2818 firmam
1163 2765 1265 2833 spem
1291 2754 1327 2814 et
1352 2743 1519 2810 fiduciam
1556 2744 1773 2830 optinemus.

399 2847 452 2912 Ee
475 2855 629 2936 propter
654 2847 833 2916 uniuersis
850 2843 995 2938 lmperij
1016 2846 1132 2914 nostri
1152 2843 1318 2912 fidelibus
1335 2851 1406 2908 tam
1423 2843 1651 2932 presentibus
1667 2865 1776 2934 quam

398 2943 542 3014 futuris.
570 2941 737 3016 iolumus
762 2957 840 3016 esse
864 2935 992 3014 tlottim
1013 2947 1112 3035 quod
1128 2936 1779 3014 Eberhardus¹v'enernbilis-Selzbur·

399 3045 521 3137 gensis
547 3046 845 3136 Areliiepiscopue
871 3047 1034 3116 Dilectus
1060 3045 1229 3132 princeps
1255 3051 1385 3110 noster.
1421 3065 1544 3110 coram
1579 3043 1774 3112 eminentie

277 3209 282 3218 .
399 3155 546 3211 nostrae
572 3143 753 3231 presentia
778 3144 1006 3210 constitutus.
1035 3142 1214 3231 exposuit
1243 3137 1449 3231 quodcum
1476 3143 1667 3212 aduocatis
1692 3165 1778 3234 pos·

400 3244 602 3313 sessionum
629 3239 785 3330 Capituli
811 3241 876 3308 sui.
902 3242 940 3306 in
967 3241 1080 3306 Helle.
1110 3241 1314 3328 Pettingen.
1348 3241 1502 3310 Saldorf.
1529 3244 1713 3311 Riemltev.
1743 3254 1780 3312 et

401 3341 605 3428 Svndergvt
630 3363 712 3408 cum
738 3343 813 3410 suis
835 3339 1064 3430 pertinentiis
1088 3361 1219 3408 uacare
1244 3341 1390 3429 ceperit.
1418 3365 1464 3410 ne
1490 3363 1557 3431 per
1585 3343 1779 3412 aduocato·

402 3465 483 3513 rum
511 3440 696 3508 malitiam.
725 3443 877 3510 ecclesie
897 3463 961 3509 sue
979 3439 1183 3530 Capitulum
1199 3441 1291 3529 sicut
1308 3441 1480 3510 hictenus
1498 3443 1680 3511 bonorum
1700 3464 1781 3512 suo-

400 3561 481 3609 rum
510 3539 737 3629 dispendium
764 3551 825 3608 aut
850 3541 1026 3609 iacturam
1052 3541 1264 3610 incurreret.
1291 3543 1369 3609 iure
1389 3540 1597 3616 infeudandi
1616 3543 1716 3634 quoti
1732 3543 1780 3612 ad

401 3663 485 3710 eum
513 3641 699 3729 spectabat
725 3638 964 3709 renunciauit.
991 3649 1031 3706 ut
1056 3641 1204 3710 eandem
1232 3641 1453 3712 educentium
1481 3638 1558 3732 ipse
1585 3664 1779 3713 acsucces·

400 3761 501 3811 soree
527 3736 581 3808 sui
608 3759 751 3829 semper
776 3742 813 3808 in
840 3741 1004 3808 menibus
1030 3743 1103 3809 suis
1130 3742 1318 3808 retineant.
1346 3763 1413 3808 nee
1439 3742 1483 3809 ad
1502 3765 1646 3811 manum
1666 3755 1777 3814 trans·

400 3838 521 3908 ferant
547 3840 710 3908 alienam.
738 3850 773 3908 et
798 3861 907 3930 super
933 3861 976 3908 eo
1003 3841 1130 3908 conlici
1159 3841 1244 3910 fecit
1270 3841 1454 3930 publicum
1484 3841 1776 3913 instrumentum.

399 3939 554 4029 Propter
579 3940 678 4029 quod
702 3949 827 4009 nostre
853 3939 1057 4010 celsitudini
1083 3941 1284 4030 suplicnnit
1311 3950 1352 4008 ut
1377 3941 1654 4012 instrumentum
1672 3943 1778 4014 dona·

399 4039 508 4110 tionis
534 4038 738 4110 huiusmodi
764 4039 924 4133 capitulo
950 4062 1016 4111 suo
1041 4041 1222 4110 indultum
1248 4049 1287 4109 et
1311 4062 1355 4110 ea
1380 4058 1452 4134 que
1477 4041 1710 4114 eontinentur
1737 4046 1775 4114 in

523 4159 533 4180 ·
641 4137 679 4200 li'
1069 4190 1072 4199 .
1103 4159 1109 4200 t
1278 4163 1281 4170 ·

1164 4175 1171 4189 ·
1194 4177 1204 4200 n
1278 4179 1304 4204 .·.·
1332 4179 1422 4210 ..wa
1450 4169 1502 4206 ll!
1530 4169 1573 4209 l·'‹'
1594 4171 1658 4216 ,wll
1687 4180 1739 4214 ni.
