3772 4722
537 311 575 329 ··
674 297 939 384 anthentica.
1021 312 1041 324 ”
1403 305 1492 416 ora)
1612 281 1616 288 ’

107 537 225 607 rebus
245 527 311 602 ttel
336 530 476 600 turibus
501 532 633 604 uestris
659 545 723 600 ves
753 526 812 600 vel
836 532 935 622 ipsos
960 531 998 600 la
1023 530 1146 625 aliquo
1172 533 1351 625 impediri.
1388 535 1490 608 insu·
1558 586 1566 600 .
1598 575 1604 584 ·

107 651 183 730 pet
206 639 246 704 ie
273 634 444 701 amnibus
469 633 507 699 ia
533 633 665 725 quibus
689 633 798 700 nobis
823 633 1023 701 iuramenta
1051 640 1087 702 et
1110 633 1371 724 prornissianss
1395 637 1489 707 lacta

105 749 197 808 eunt
219 733 471 827 pronuntiem
492 745 558 802 ves
584 743 620 805 at
645 731 743 835 ipsos
769 733 904 802 iurare.
931 728 1126 802 defendere
1150 743 1187 802 et
1214 737 1380 805 assistere
1404 727 1490 805 fide

107 837 196 906 liter
223 835 316 906 ticat
341 855 362 901 a
387 833 491 902 subit
513 843 555 902 et
579 833 626 902 ab
650 828 740 924 ipsis
766 833 930 923 predicta
948 831 1119 918 ¹voluntas
1140 833 1338 904 obseruari.
1355 847 1421 904 nec
1438 831 1490 904 ul·

106 937 228 1008 terius
252 931 466 1006 iuramentis
492 934 546 1001 vel
566 933 873 1023 promissionibus
896 947 966 1002 eos
992 933 1234 1025 grauabimus.
1265 947 1331 1004 nec
1356 951 1400 1004 ea
1437 939 1489 1005 ul-

109 1039 227 1107 terius
252 1043 428 1126 mamea.
455 1031 503 1100 ita
530 1033 629 1126 quod
656 1047 699 1100 ea
724 1045 791 1124 per
815 1034 1109 1126 eoumquentiam
1138 1052 1204 1125 pro
1229 1035 1488 1104 consuetudine

107 1132 189 1208 alle
218 1135 325 1204 modo
351 1134 547 1224 exigamus.
574 1131 637 1202 aad
663 1153 704 1199 ea
729 1132 826 1201 altra
849 1130 1039 1202 instantem
1067 1135 1315 1204 uecetsitatem
1343 1134 1487 1204 extendi

3 1323 5 1330 Ι
110 1241 282 1306 nolumus
315 1229 400 1304 rllo'
428 1233 546 1301 modo.
597 1233 813 1322 Recepimus
852 1234 960 1302 etiarn
995 1253 1059 1302 vos
1085 1252 1166 1301 cum
1193 1235 1363 1304 uniuerso
1389 1237 1487 1302 clere

110 1347 238 1406 nestro
264 1335 432 1402 barones.
459 1331 724 1400 ministeriales.
745 1337 785 1399 ³et
802 1333 908 1400 Ciues
933 1345 1075 1402 nestros
1103 1321 1295 1401 uniuersis's'
1319 1343 1354 1400 et
1370 1335 1488 1424 singu·

110 1440 166 1506 los
194 1433 264 1504 sub
291 1441 451 1504 nostram
477 1429 740 1522 protectionem
768 1441 803 1498 et
830 1430 983 1521 gratiam
1010 1429 1202 1522 specialem
1229 1435 1393 1502 volentes
1410 1434 1488 1502 ivra

109 1533 276 1605 Ecclesia
314 1542 434 1602 uestre
469 1542 505 1599 et
538 1529 724 1600 libertates
756 1531 801 1599 ab
824 1531 983 1624 'Antiquo
1011 1533 1207 1600 concessas.
1236 1543 1272 1599 et
1297 1533 1488 1624 priuilegia

110 1638 155 1704 ab
183 1633 477 1702 antecessoribus
502 1632 637 1699 nostris
664 1641 698 1696 et
725 1653 744 1696 a
770 1629 876 1699 nobis
902 1631 1058 1700 obtenta.
1086 1642 1121 1698 et
1147 1632 1373 1722 inposterum
1400 1632 1489 1700 obti-

111 1735 251 1820 nenda,
277 1731 538 1800 inuiolabiliter
563 1731 769 1798 obseruare.
819 1729 1023 1800 Adicientes
1048 1729 1145 1824 quod
1172 1731 1269 1802 ciues
1295 1733 1331 1798 in
1352 1732 1486 1800 Wircc·

110 1839 212 1924 burg
239 1846 360 1901 nostra
388 1831 502 1921 gratia
528 1830 707 1919 gaudeant
735 1829 908 1920 pleniore.
937 1842 971 1899 ct
998 1828 1064 1898 sub
1087 1842 1214 1917 nostra,
1239 1829 1418 1900 conductu
1450 1827 1487 1898 in

4 1965 5 1968 ¹
113 1956 245 2004 eorum
271 1931 578 2021 negotiationibus
604 1930 711 1997 liberi
738 1938 920 1997 transeant
946 1941 983 1998 et
1008 1929 1137 1999 securi.
1165 1953 1231 1998 nec
1263 1951 1332 2026 pro
1367 1931 1488 2021 aliquo

3 2077 5 2084 ·
112 2035 263 2102 homine
287 2032 513 2100 detineantur
539 2040 598 2098 aut
624 2029 719 2096 bona
746 2028 907 2118 ipsorum
934 2029 1011 2098 siue
1037 2029 1225 2098 occasione
1252 2038 1381 2098 uestra.
1410 2029 1488 2098 siue

113 2132 306 2202 occasione
330 2111 696 2197 alteriue⁸cuiuslibet
714 2123 868 2195 hominis
888 2139 1121 2218 occupentur.
1173 2123 1357 2197 Volumus*
1370 2138 1488 2195 autem

114 2245 153 2303 ut
179 2225 408 2299 familiaritas
433 2229 528 2296 inter
555 2250 620 2297 nos
647 2239 682 2296 et
708 2230 895 2296 ecclesiam
922 2239 1076 2296 uestram
1105 2241 1237 2314 totam,
1275 2251 1370 2296 nunc
1407 2249 1488 2294 con·
1611 2285 1612 2288 ,

112 2343 231 2402 tracta
255 2335 293 2398 ⁴et
319 2334 482 2419 preterea
510 2330 623 2422 gratia
649 2337 685 2396 et
708 2328 892 2414 libertates
920 2340 989 2421 que
1017 2327 1181 2420 superius
1208 2339 1289 2397 sunt
1320 2345 1490 2419 expressa

117 2437 349 2524 (expressae)
376 2429 481 2496 etiam
508 2427 1098 2520 exspirantibus,promissionibus
1133 2442 1167 2497 et
1201 2431 1410 2497 iuramentis
1445 2429 1491 2495 sit
1602 2471 1608 2485 .

117 2535 225 2614 (sint)
252 2525 472 2597 inuiolabilis
497 2529 756 2610 (inviolabiles)
785 2540 1021 2619 et‘perpetuo
1047 2532 1238 2596 ualitatura
1270 2531 1489 2608 (valiturae).

117 2635 162 2700 Et
189 2639 231 2698 ut
253 2633 319 2696 hec
345 2630 590 2717 superscripta
616 2624 783 2696 omnibus
810 2639 956 2718 pateant
983 2639 1017 2696 et
1044 2630 1144 2695 vobis
1171 2639 1205 2696 et
1233 2631 1333 2694 clero
1368 2638 1490 2694 uestro
1606 2693 1609 2699 ,

118 2743 153 2800 et
180 2729 307 2799 Judeis
333 2749 374 2794 aa
400 2723 624 2793 uniuersitati
653 2726 767 2792 tocius
791 2728 946 2794 ciuitatis
972 2737 1092 2794 uestra
1117 2751 1137 2793 a
1164 2726 1269 2794 nobis
1297 2737 1378 2794 eta
1416 2746 1491 2792 suc
1567 2785 1584 2792 -

118 2829 328 2900 sessoribus
354 2828 486 2894 nostris
513 2825 772 2892 inuiolabiliter
797 2827 1057 2910 obseruentur,
1096 2825 1199 2893 vobis
1232 2836 1266 2891 et
1300 2825 1387 2914 ipsis
1414 2845 1490 2912 pre-

119 2952 203 3000 sens
228 2949 338 3020 super
362 2929 431 2994 hoc
459 2923 633 3014 scriptum
660 2923 889 3018 concedimus
915 2925 1024 3020 sigilli
1052 2924 1167 2991 nostri
1186 2925 1492 2992 roboreconamu·

120 3033 250 3100 nilum.
301 3029 436 3095 Testes.
489 3025 573 3092 Otto
602 3023 816 3114 prepositus.
870 3023 1050 3092 Arnoldus
1077 3024 1246 3092 decanus.
1287 3022 1492 3090 Friderieus

121 3137 261 3200 canton
320 3124 602 3214 Thegenhardus
636 3123 851 3190 Scolasticua
884 3135 920 3190 et
953 3107 1149 3213 imperialii
1182 3125 1264 3190 aule'
1297 3125 1495 3212 prothono-

122 3229 251 3308 tariua.
277 3221 468 3292 fridericus
503 3224 546 3290 de
574 3222 781 3289 Grindelab.
830 3222 1009 3290 arnoldus
1049 3224 1278 3291 camerarius.
1327 3222 1495 3292 elbertus

122 3324 334 3398 cellerarius
357 3327 437 3406 (et)¹
454 3321 634 3390 Arnoldus
659 3321 788 3389 iratres
815 3321 858 3389 de
890 3323 1099 3394 satietatem.
1147 3319 1365 3391 Godelridus
1390 3317 1496 3408 iiiim-

121 3432 245 3518 lingua
280 3422 442 3491 canonici
476 3423 621 3488 maiolis
654 3420 818 3488 ecclesie.
869 3419 1044 3510 Magister
1071 3423 1295 3488 Hermannua
1325 3421 1493 3510 scriptor.

123 3528 300 3618 Magister
323 3522 554 3590 itainhatdas.
607 3521 781 3607 Magister
804 3517 1034 3588 Eberhardus
1059 3521 1219 3589 canonici
1256 3519 1341 3588 noui
1375 3541 1497 3590 mona·
1581 3611 1594 3620 .
1633 3530 1639 3536 ·
1712 3551 1718 3562 -

124 3625 239 3713 ster-ij.
282 3621 393 3689 Laici.
430 3621 518 3689 Otto
547 3619 589 3686 de
617 3621 876 3688 Botenlovben.
914 3620 1117 3708 Rvopertus
1145 3621 1190 3688 de
1215 3621 1368 3688 liastcle.
1403 3620 1496 3712 Βορ-

124 3752 174 3822 po
202 3727 248 3793 de
280 3721 483 3790 wertheim.
534 3719 768 3787 Gebehardus
802 3719 847 3786 dc
879 3717 1065 3788 ilirzberc.
1117 3715 1287 3788 Comites.
1341 3721 1498 3788 Cronra·

125 3830 194 3900 dus
220 3821 440 3908 burgrauius
466 3819 510 3887 de
537 3819 773 3886 Nvorinberc.
825 3816 1060 3907 Manegoldus
1085 3817 1128 3887 de
1144 3819 1328 3908 Wiltperc.
1371 3819 1496 3890 limito

125 3930 171 3997 de
197 3920 507 4009 Schillingisuirst.
559 3917 700 3986 Vlricus
727 3919 779 3984 de·
796 3913 1030 4008 liungestein.
1083 3921 1254 3986 Wernato
1279 3916 1374 3985 filius
1400 3939 1495 3988 suus.

19 4111 25 4136 „
128 4022 311 4116 Lupaoldus
347 4030 382 4088 et
414 4017 644 4086 Eberhardue
680 4017 810 4086 fratres
844 4015 888 4088 de
924 4015 1128 4088 Griadelah.
1188 4015 1420 4086 ltindesmata
1453 4017 1498 4088 da
1611 4050 1614 4058 1
1720 4025 1738 4042 ⁸

1211 4109 1290 4196 aa*
