3772 4722
371 292 462 394 274
545 329 584 350 ··
732 255 1004 400 ⁸Diplomata
1034 281 1345 405 Imperatorum

442 531 474 610 a)
500 521 665 612 Sigillum,
690 521 727 584 in
752 533 840 604 parte
866 521 1027 606 superiori
1049 533 1080 586 et
1105 518 1253 586 inferiori
1277 523 1413 600 laesum,
1440 543 1503 607 qna
1520 526 1665 592 leonicus
1689 551 1749 596 rne-

501 625 572 688 diac
598 634 629 686 et
654 621 798 687 finientis
824 626 907 686 circa
932 623 1109 710 imaginem
1134 622 1352 704 inscriptionis
1377 623 1502 689 litterae
1527 647 1594 689 nou
1629 650 1771 711 paneae,
1871 607 1872 650 t

503 733 719 800 evanuerunt,
745 723 903 804 appendet
927 741 967 785 ex
993 721 1056 786 filis
1082 720 1191 786 sericis
1216 721 1308 784 rubri
1333 722 1461 790 coloris.
1523 727 1619 790 Adest
1653 729 1745 792 etiem
1871 731 1872 744 ¹

502 819 638 926 altprnm
665 821 807 903 diploma
833 819 989 909 originale
1015 821 1156 884 eiusdem
1184 821 1322 898 tenoris,
1348 823 1401 884 cui
1430 825 1589 906 appendet
1603 820 1744 914 sigillum

502 921 650 985 illaesum
678 921 815 985 etheus
841 941 1044 1004 expressurus
1069 920 1212 984 adbibita
1237 933 1343 984 temen
1371 921 1425 986 lile
1450 923 1550 988 serica
1575 927 1746 991 enutriri·

503 1023 551 1084 dis
580 1019 703 1085 coloris.
949 1025 955 1038 '
1450 1048 1452 1054 ·

356 1253 363 1267 .
442 1201 639 1286 &indictio
665 1204 835 1285 respondet
860 1221 945 1266 enne
972 1200 1044 1264 Chr.
1071 1200 1220 1266 inditate.

441 1395 474 1472 c)
499 1383 680 1476 lueiitum,
714 1398 926 1450 memoratum
963 1396 1069 1448 sutem
1104 1395 1136 1446 et
1168 1395 1345 1450 extractum
1381 1387 1597 1452 &Genucium
1631 1389 1673 1452 in
1694 1377 1774 1453 cler¹

498 1485 697 1550 Reichsstedt
721 1485 880 1573 Regensb.
907 1483 1057 1548 Chronik.
1086 1483 1110 1546 1.
1141 1495 1213 1550 340·
1319 1558 1323 1568 Ι

896 1799 1239 1922 DGCLXIV.

608 2036 704 2097 Anno
734 2039 829 2098 toto.
883 2051 993 2099 mense
1019 2031 1120 2125 Maio.
1167 2033 1258 2130 'sputi
1284 2030 1513 2124 Nordelingec.

381 2191 603 2312 Conradus
633 2223 707 2310 IV.
736 2225 780 2312 in
810 2253 957 2340 regem
988 2217 1146 2312 electus
1179 2243 1363 2338 quatuor
1391 2226 1614 2325 sententiae
1634 2231 1752 2338 prin·
1872 2287 1875 2300 .

382 2343 524 2456 cipum
553 2341 797 2462 promulgat
827 2361 869 2426 et
898 2339 1086 2453 roborat,
1120 2369 1225 2454 quas
1256 2366 1402 2429 coram
1421 2371 1467 2426 se
1485 2341 1632 2456 Egeno
1656 2343 1750 2429 Bri-

381 2459 567 2546 xinensis
598 2459 757 2546 electus
791 2457 993 2544 obtinuit:
1028 2468 1064 2546 t.
1096 2457 1213 2570 quod
1243 2477 1341 2574 post
1369 2478 1564 2574 suscepta
1594 2461 1749 2573 regalia
1875 2451 1876 2464 Ν

381 2578 580 2662 universa
597 2577 861 2692 episcopatus
885 2573 1025 2662 officia
1043 2575 1176 2685 possit
1195 2575 1406 2680 conferre,
1436 2577 1622 2684 exceptis
1645 2603 1751 2689 qua-

382 2713 481 2778 tuor
501 2693 823 2803 principalibus;
853 2697 894 2781 2.
913 2690 1032 2804 quod
1053 2694 1428 2778 excommunicatis
1448 2692 1751 2802 possintfeuda

383 2809 604 2926 denegari3
632 2817 672 2902 3.
705 2809 823 2924 quod
854 2813 1220 2924 oppignerationes
1253 2829 1295 2894 et
1322 2809 1592 2895 alienationes
1612 2811 1751 2895 bono·

383 2953 481 3012 rum
504 2925 558 3012 ad
575 2927 797 3014 utilitatem
816 2928 1018 3012 ecelesiae
1041 2928 1174 3035 possit
1194 2953 1423 3032 revocare3
1446 2934 1492 3015 tt.
1518 2925 1633 3040 quod
1653 2954 1750 3038 per·

451 3043 674 3132 durantem
703 3050 747 3131 in
778 3043 1215 3128 excommunicatione
1245 3045 1563 3156 proscriptionis
1594 3043 1685 3158 gla-

864 3157 934 3243 dio
964 3159 1097 3272 possit
1126 3157 1270 3244 ferire.

383 3325 710 3460 Conrnduediui
736 3388 888 3485 Augusti
913 3390 1146 3481 Imperatoris
1180 3390 1354 3460 Fridsrici
1390 3390 1504 3473 tilius,
1543 3388 1599 3458 dci
1635 3392 1752 3480 gratis

380 3503 626 3574 Romanorum
643 3501 690 3571 -in
717 3505 852 3596 Regem
879 3505 1034 3590 Electus,
1061 3525 1204 3596 semper
1230 3513 1424 3598 Augustus,
1451 3515 1488 3572 et
1506 3505 1619 3573 Heres
1645 3507 1750 3594 regni

381 3603 700 3695 Hierosolymitani
716 3606 1074 3689 ¹(lerosolouriteni),
1112 3603 1291 3677 rniuersis
1325 3615 1510 3696 presentes
1535 3603 1684 3694 litteras¹
1700 3607 1751 3672 in·

380 3701 557 3795 spectaris
591 3699 755 3774 fidelibus
779 3702 948 3796 imperii,
981 3706 1135 3796 gratiam
1169 3727 1269 3774 suern
1296 3715 1332 3772 et
1358 3704 1637 3774 omna-bonum.
1688 3705 1750 3770 Te·

382 3827 472 3874 nore
497 3805 717 3896 presentium
745 3805 789 3874 ad
817 3806 1071 3874 modernorum
1098 3817 1134 3873 et
1155 3803 1360 3873 futurorum
1377 3801 1540 3872 notitiem
1559 3804 1750 3893 pervenire

348 3905 547 3993 ‘cupimus
572 3907 812 3997 et-protendi.
864 3905 968 4001 Quod
995 3905 1042 3973 ed
1067 3906 1341 3998 requisitionem
1356 3901 1541 3993 Egenonis
1568 3901 1753 3972 venerabi·

300 4039 303 4050 ·
350 4001 351 4004 ’
381 4005 426 4074 lis
451 4005 566 4074 Electi
591 4006 814 4078 Brixinensia
842 4005 990 4076 ecclesie
1018 4004 1140 4074 dilecti
1167 4003 1340 4094 principie
1368 4003 1482 4072 nostri
1509 4011 1591 4091 post
1620 4022 1751 4090 ¹recep·
