3848 4738
295 277 449 374 ,342
569 209 617 262 'i
885 264 1182 390 'Autltentica
1304 231 1306 236 Ι

269 549 274 572 ι
360 504 595 598 neglexeritis
628 502 825 594 adimplere
858 500 895 570 iu
929 523 994 572 roe
1027 524 1152 574 omnes
1188 512 1223 573 et
1256 500 1454 597 quemlibet
1485 495 1643 574 restrum
1678 498 1737 595 qui

361 607 556 696 culpabiles
583 605 726 673 fueritis
751 623 892 672 exnunc
919 613 1027 693 prout
1052 615 1182 674 extunc
1217 615 1252 682 et
1289 616 1419 674 extunc
1459 614 1567 694 prout
1599 626 1738 672 exnunc

359 709 467 777 dictis
491 706 654 774 terminis
679 703 896 794 prefigendis
922 703 1073 788 elapsis,
1098 703 1479 774 excommunicationis
1505 704 1543 772 in
1568 705 1736 794 collegia,

360 810 397 876 in
426 808 590 896 Capitale
626 816 660 874 et
687 807 896 872 conuentus
929 803 1172 894 suspensionis
1206 815 1242 875 et
1276 807 1322 876 io.
1347 806 1517 886 ecclesias
1548 804 1676 873 domos
1707 815 1741 874 et

358 908 577 977 Monesteria
616 915 738 973 vestra
771 903 953 979 interdicti
988 905 1184 980 sententiae
1216 901 1367 974 ierimus
1401 906 1437 997 in
1458 907 1543 995 -hye
1574 905 1740 994 scriptis,

359 1007 473 1076 Nobis
490 1017 538 1074 'ec
553 1005 810 1077 commissario
837 1003 1242 1096 nostrosseisoluciones
1274 1016 1310 1075 et
1335 1006 1592 1074 relaxationem
1621 1005 1758 1072 buius·

359 1109 455 1176 modi
492 1107 757 1176 sententiarum
780 1104 1046 1180 ,tantummodo
1084 1115 1310 1176 reseruautes
1349 1106 1576 1197 iniungentes
1620 1104 1739 1188 vobis,

359 1208 505 1277 domine
531 1208 729 1296 Episcopo,
764 1204 831 1274 sub
855 1205 961 1294 penis
987 1215 1024 1273 et
1057 1215 1247 1295 senteneys
1281 1206 1352 1274 iam
1388 1199 1606 1297 expres'satis
1645 1203 1741 1296 quod

323 1348 325 1350 -
357 1317 545 1400 presentes
571 1305 746 1376 litteren
736 1329 786 1376 ιιι
799 1313 914 1374 vestre
942 1305 1087 1375 ciuitate
1113 1315 1150 1376 et
1175 1306 1309 1378 diocesi
1336 1307 1504 1376 omuibus
1530 1315 1565 1374 et
1592 1303 1741 1395 singulis

306 1441 316 1464 ι
358 1408 506 1499 prelatis
533 1414 568 1474 el
601 1407 680 1477 aliis
706 1425 797 1496 quos
824 1415 1046 1474 concernunt
1082 1403 1264 1474 incinuere
1296 1406 1431 1488 curetis
1458 1406 1653 1496 Affigentes
1686 1425 1741 1472 co·

358 1511 436 1600 pias
463 1506 657 1579 earundem
684 1505 751 1575 sub
785 1507 905 1596 sigillo
931 1515 1051 1576 vestro
1086 1495 1132 1576 ed
1164 1509 1320 1580 hostium
1354 1507 1511 1576 ecclesie
1545 1517 1670 1580 vestre
1707 1504 1741 1569 in

252 1595 264 1611 ’
357 1611 500 1700 signum
527 1604 673 1676 euidens
701 1601 953 1696 publicationis
982 1607 1206 1694 presencium
1233 1607 1277 1677 ad
1311 1607 1426 1679 instar
1464 1606 1569 1672 edicti
1606 1604 1741 1708 publici

183 1727 192 1742 '
241 1785 244 1790 .
358 1721 398 1778 ut
424 1709 540 1774 nullus
567 1729 605 1775 ee
631 1709 747 1776 valeat
779 1729 799 1773 a
835 1705 1005 1796 predictis
1039 1705 1107 1780 sub
1137 1717 1315 1796 ¹pretextu
1351 1706 1501 1798 alicuius
1536 1703 1741 1795 ignorantie

277 1811 284 1816 ”
357 1801 543 1887 excusare,
571 1807 816 1878 litterasvero
843 1804 1056 1894 apostolicae
1080 1805 1261 1896 predictae
1288 1807 1403 1877 insui
1431 1804 1597 1896 originali
1630 1803 1742 1874 forma

356 1915 510 1997 propter
535 1905 674 1972 vierum
699 1903 906 1972 discrimina
931 1912 967 1971 et
993 1903 1105 1972 eciem
1132 1905 1337 1996 quod-(ad)
1373 1906 1631 1974 excensionem
1669 1927 1743 1995 pre·

356 2007 536 2074 dictorum
562 2003 775 2094 indigemus,
801 1999 905 2085 vobis
930 2003 1073 2072 mittere
1100 2025 1173 2073 non
1200 2005 1378 2096 possimus
1403 2005 1465 2076 sed
1491 2005 1642 2094 deipsis
1669 2005 1742 2095 qui·

229 2169 232 2174 .
355 2109 581 2197 beccumque
613 2126 768 2197 quorum
801 2104 950 2172 interest
990 2123 1051 2172 ees
1094 2104 1216 2174 videre
1252 2106 1456 2175 volentibus
1492 2115 1642 2196 paratos
1678 2125 1741 2173 nos

264 2213 269 2224 ‘
357 2207 542 2276 offerimus
569 2205 688 2300 sapere
714 2207 857 2294 plenam
887 2189 1010 2271 fidem
1044 2205 1083 2270 ln
1114 2227 1270 2298 quorum
1302 2207 1463 2274 omnium
1496 2207 1740 2274 testimonium

356 2319 543 2399 presentes
569 2307 707 2374 litteras
744 2305 821 2374 siue
854 2307 923 2372 hoc
961 2325 1110 2392 presens
1143 2306 1328 2394 publicum
1362 2309 1645 2374 instrumentum
1680 2328 1742 2395 per

284 2405 286 2410 ’
343 2407 564 2474 Ὀοιιιιᾶιιιιι
603 2405 813 2494 Genspeclt
837 2403 1022 2472 notarium
1064 2405 1247 2495 publicum
1295 2406 1524 2498 scribamque
1576 2411 1741 2492 nostrum

357 2507 467 2578 scribi
494 2515 530 2572 et
554 2503 733 2595 publicari
758 2501 1007 2582 mandauimue
1042 2515 1080 2572 et
1116 2505 1226 2594 sigilli
1247 2507 1378 2576 ‘nostri
1414 2500 1569 2577 secunus
1608 2527 1739 2596 appeu-

357 2608 456 2677 sione
483 2605 710 2674 communiri.
735 2605 869 2672 Datum
895 2612 930 2671 et
955 2614 1076 2673 actum
1100 2606 1242 2678 Moneci
1268 2610 1372 2677 Anno
1404 2629 1426 2676 a
1458 2605 1649 2676 natiuitate
1683 2604 1741 2672 do·

357 2707 443 2776 mini
480 2705 674 2774 Millesimo
700 2703 960 2775 trecentesimo
995 2707 1240 2796 octuagesimo
1275 2702 1472 2788 indictione
1497 2706 1619 2786 ,tercia
1655 2725 1739 2796 pon-

355 2808 509 2876 tificatus
536 2804 749 2876 sanctissimi
779 2807 814 2872 in
844 2804 986 2872 Christo
1013 2805 1125 2894 patris
1151 2827 1193 2876 ec
1218 2805 1355 2896 domini
1382 2807 1496 2874 nostri
1518 2805 1656 2874 domini
1679 2806 1739 2871 Vr·

354 2909 439 2976 beni
465 2907 586 2975 diuina
625 2905 856 2999 prouidentia
891 2925 982 2994 pape
1007 2899 1109 2973 'sexti
1143 2905 1293 2996 prefati,
1326 2909 1430 2974 Auno
1465 2906 1643 2990 secundo,
1684 2904 1738 2973 die

355 3008 509 3122 septima
536 3005 676 3074 decima
701 3005 833 3074 mensis
858 3003 1034 3094 iebruery
1059 3007 1168 3094 paulo
1194 3015 1278 3074 ante
1304 3008 1431 3076 boram
1458 3004 1654 3074 terciarum
1681 3004 1740 3072 uel

240 3175 266 3208 a
356 3107 458 3198 quasi
486 3105 522 3170 in
548 3103 656 3171 domo
688 3127 762 3181 seu
785 3101 948 3194 hospicio
974 3098 1199 3172 Wilbelusi
1187 3126 1364 3196 Jorgnerv
1391 3106 1502 3184 Ciuis
1511 3100 1740 3174 Monacensis

355 3206 415 3273 ubi
444 3225 581 3274 moram
609 3206 783 3282 maluimus
810 3206 1072 3294 ιιιοιιιειιιιιίι.
1095 3205 1325 3282 Presenlibus
1351 3197 1627 3285 honorabilibus
1652 3203 1742 3274 viris

357 3305 506 3375 domino
532 3299 681 3384 olberto
705 3301 753 3375 de
756 3296 1033 3404 pacleenstein
1053 3294 1346 3394 Herbipulensis
1354 3315 1390 3376 et
1424 3303 1651 3396 frisingensis
1683 3324 1737 3375 ec·

358 3404 552 3503 pleeierum
564 3385 777 3508 Gerounion,
807 3397 980 3480 diocesis
988 3404 1273 3496 herbipolensis,
1304 3427 1359 3475 ao
1394 3405 1540 3476 domino
1567 3404 1737 3476 Heinrico

355 3505 557 3595 pellreimer
575 3486 737 3594 pleberio
764 3505 914 3574 ecclesie
940 3504 1073 3578 sancti
1088 3501 1254 3594 judoci
1243 3527 1280 3574 m
1313 3508 1476 3575 leniebat
1513 3503 1737 3596 frisingensis

356 3605 508 3688 diocesis
526 3615 561 3677 et
578 3607 734 3681 iohanne
751 3601 934 3687 tuerholtz
949 3603 1499 3692 clericoolumicensisdiocesis,
1515 3605 1735 3696 sopionibus

356 3707 434 3798 elye
461 3705 649 3831 fidedignis
668 3704 827 3804 testibus
853 3703 897 3776 cd
924 3704 1102 3854 premissa
1127 3705 1264 3782 ucecia
1276 3707 1493 3855 specialiter
1517 3715 1554 3776 et
1577 3704 1734 3794 Regalis.

373 3953 378 3963 .
454 3867 664 3988 ‘seguiter
673 3845 843 3982 formiis
840 3863 1069 3989 recognitionis
1096 3873 1248 3982 Conredi,
1256 3905 1436 3990 βιιιιιιιιΙι
1453 3907 1585 3976 notarii
1613 3905 1731 3990 publici

496 4017 532 4070 et
550 4005 663 4084 clerici
686 4002 901 4094 frisingensis.
1280 4045 1283 4051 .
1563 4043 1569 4055 .
