3804 4718
793 321 1040 440 Diplomst's
1062 315 1382 440 Imperstorum

745 641 1337 872 omnin.

596 955 759 1037 ,suso
789 875 889 1036 imi
934 949 995 1024 26.
1013 915 1125 1038 bpril
1137 899 1249 1038 ‚episi
1273 951 1555 1036 &mmmm
1583 997 1768 1040 ι

402 1091 727 1228 Friderisusll.
759 1154 891 1267 rex..
887 1099 992 1245 qui.
1007 1096 1253 1249 imsginsus
1261 1097 1477 1236 monetae
1489 1077 1821 1238 Nubembei·

402 1253 586 1388 gensis
578 1246 865 1338 seeundum
851 1251 1084 1386 imaginem
1106 1271 1303 1344 monetes
1332 1251 1651 1386 Ratisponensis
1680 1248 1776 1338 fiori

309 1459 312 1466 .
400 1371 521 1485 prius
550 1366 840 1488 permiserat,
835 1393 973 1451 nuno
995 1368 1057 1452 in
1073 1370 1252 1482 gratiam
1278 1369 1459 1454 civitatis
1490 1369 1778 1482 Retisponen·

402 1489 460 1574 sis
502 1505 545 1571 et
578 1486 706 1570 totius
738 1480 979 1570 Ba'waris'e
998 1474 1083 1570 bos
1101 1483 1209 1577 fieri
1237 1485 1483 1602 prohibets
1487 1483 1777 1624 perpendens
1869 1487 1876 1492 ’

483 1597 637 1715 dambe
664 1593 948 1732 gravissima,
965 1615 1102 1715 quae
1107 1597 1318 1730 eiRsmodi
1343 1599 1753 1711 sununudmbus
1791 1620 1792 1628 ‘

882 1707 1224 1834 proi‘e'niRnt.
1356 1793 1373 1806 ..
1421 1783 1424 1796 ·
1537 1795 1541 1805 .

402 1883 469 2036 In.
494 1945 652 2017 nomine.
679 1953 814 2016 sunoto.
841 1955 888 2016 et.
912 1945 1108 2044 indiuiduo
1133 1949 1315 2020 trinitatis.
1340 1972 1456 2062 aRsn.
1482 1945 1697 2062 Frederious
1722 1967 1778 2016 se·
1873 2003 1898 2014 .,

402 2061 548 2134 sisndus.
579 2059 652 2130 dei.
674 2061 798 2152 gratia.
811 2049 1071 2132 nomenoium.
1087 2048 1209 2161 Reibs'
1217 2085 1370 2154 semper.
1399 2071 1582 2156 augustus.
1612 2073 1659 2131 et.
1683 2059 1774 2132 Rex.

402 2154 547 2254 Syoilie.
584 2161 760 2231 omuibus.
791 2159 855 2230 in.
877 2147 1137 2252 perpetuum.
1159 2165 1252 2258 Q'uia
1270 2164 1488 2256 frequenter
1514 2161 1668 2231 edictum
1695 2181 1776 2252 spo·

403 2265 492 2330 oisle
518 2282 664 2351 serpere
690 2257 820 2329 solet
810 2285 847 2329 in
873 2261 1129 2331 detrimentum
1154 2263 1412 2331 uniuersitatis.
1441 2274 1476 2331 et
1493 2261 1605 2354 quod
1604 2265 1774 2331 statuitur

401 2361 935 2454 adtempus.obseruatur1n
953 2385 1072 2441 euum.
1099 2361 1349 2463 indempnitati
1376 2365 1535 2431 omnium
1562 2373 1670 2454 etque
1700 2360 1775 2430 sin·

402 2463 572 2560 gulosum
598 2461 794 2533 secundum
821 2463 989 2566 equitatis
1015 2483 1178 2531 normam
1200 2463 1454 2562 prospecturi.
1458 2443 1656 2561 nibilquod
1675 2462 1776 2553 equi·

401 2563 467 2630 tati
493 2552 627 2631 obuiet.
654 2572 691 2629 et
716 2555 883 2629 fidelibus
909 2554 1042 2630 nestris
1064 2559 1257 2651 dampnum
1282 2583 1348 2630 seu
1373 2553 1569 2654 genuamen
1586 2559 1773 2650 subroget.

274 2697 281 2718 .
402 2671 558 2730 statuere
593 2661 771 2729 uolumus.
803 2663 930 2728 immo
944 2662 1063 2728 taliter
1087 2682 1109 2729 a
1134 2660 1251 2730 nobis.
1277 2664 1337 2731 uel
1363 2685 1383 2731 a
1409 2677 1637 2776 quoeumqse
1662 2671 1779 2729 statu·

400 2770 478 2830 tum
502 2762 655 2844 irritare
671 2781 816 2852 semper
840 2760 1076 2831 studebimus.
1101 2762 1256 2831 maxime
1278 2785 1359 2832 oum
1375 2762 1419 2846 de
1436 2760 1632 2835 maiestatis
1643 2783 1699 2853 np.
1697 2757 1770 2829 tre

395 2862 552 2952 gremio.
578 2882 651 2929 non
678 2864 795 2940 solum
819 2883 986 2929 emanare
1013 2883 1085 2950 non
1111 2861 1241 2948 debeut
1266 2864 1458 2954 quiequam
1493 2857 1565 2930 iuri
1589 2859 1768 2930 eontrari-

382 2982 473 3032 .um.
498 2983 626 3028 uerum
651 2961 753 3028 limes
770 2959 939 3050 equitatis
963 2970 999 3030 et
1024 2961 1159 3028 iustitie
1185 2984 1206 3028 a
1231 2963 1337 3030 nobis
1363 2981 1445 3030 oum
1470 2961 1610 3029 decenti
1629 2959 1771 3026 distric-

400 3059 510 3128 tione.
536 3081 675 3128 summo
697 3056 876 3126 firmitatis
902 3058 1038 3126 roboie
1065 3059 1241 3148 ampliori.
1293 3062 1387 3127 Snne
1412 3059 1550 3128 inducti
1574 3061 1655 3150 ipso
1669 3059 1772 3151 equi·

399 3159 482 3227 tutis
506 3161 595 3227 zelo.
622 3181 664 3228 ao
688 3179 797 3249 prese
823 3158 1081 3249 obsequiisque
1108 3159 1321 3228 dilectorum
1349 3157 1713 3276 epnssnguineorum
1734 3163 1773 3226 et

400 3254 559 3326 fidelium
592 3269 801 3326 nostrorum
828 3256 1035 3325 Ghvonrudi
1067 3257 1286 3326 uenerabilis
1321 3259 1481 3348 episcopi
1512 3257 1772 3350 ratisponensis

400 3367 437 3426 et
461 3358 646 3428 Lodewioi
670 3357 818 3425 illustris
845 3356 986 3424 comitis
1012 3357 1159 3447 psldtini
1183 3357 1287 3425 Reni.
1316 3359 1416 3427 dunis
1443 3358 1613 3426 bswsrie.
1644 3357 1773 3447 imagi·
1812 3398 1820 3406 -

400 3479 482 3526 nem
518 3467 659 3525 monete
695 3455 1011 3544 nurenbergensis.
1048 3479 1155 3548 quam
1182 3457 1415 3525 seeundum
1404 3455 1599 3548 imaginem
1624 3467 1772 3526 monete

400 3557 668 3648 ratisponensis.
695 3553 775 3622 fieri
800 3555 1089 3644 permiseramus.
1115 3557 1226 3626 immo
1253 3569 1502 3626 statueremus.
1525 3557 1640 3624 omitti
1659 3567 1694 3626 et
1712 3555 1773 3623 de·

399 3657 468 3725 leri
501 3657 661 3725 fecimus.
695 3664 902 3722 statuentes.
931 3678 977 3723 ne
997 3656 1042 3723 de
1073 3667 1204 3725 cetero.
1231 3679 1348 3749 neque
1374 3657 1597 3747 temporibus
1623 3656 1771 3726 uostris.

400 3777 519 3847 neque
545 3763 684 3844 postes.
709 3763 796 3843 aput
821 3755 1056 3823 erenberoh
1084 3769 1226 3824 moneta
1253 3758 1325 3824 fiat.
1359 3779 1430 3848 que
1464 3757 1648 3827 contineat
1677 3759 1770 3823 imu-

400 3858 522 3946 ginem
558 3853 709 3920 similem
746 3853 895 3943 imagini
930 3867 1074 3924 monete
1097 3855 1373 3946 ratisponensis.
1408 3857 1470 3924 aed
1497 3857 1603 3924 aliam
1627 3856 1673 3925 sb
1699 3858 1770 3924 ista

401 3965 473 4022 tem
501 3950 665 4021 olienam.
691 3973 737 4019 ne
763 3954 882 4043 eliqua
907 3954 1106 4022 similitudo
1134 3955 1329 4044 imaginum
1356 3957 1620 4023 contuentibus.
1648 3955 1693 4024 de
1715 3956 1771 4045 ip·

401 4054 450 4122 sis
476 4049 616 4142 ingeret
642 4051 923 4144 ambiguitatem.
974 4053 1072 4122 Idem
1099 4053 1429 4146 quoquedistricte
1463 4055 1667 4123 inhibemus
1701 4077 1769 4146 per
