3864 4728
711 376 839 492 spise.
869 371 1011 462 Pater.
1042 497 1045 508 Ι
1131 423 1141 430 -
1492 379 1554 486 39
1601 313 1608 339 Ι

139 693 146 700 ,
177 609 320 684 uenerit
344 629 496 700 presens
521 611 708 702 seriptum.
733 609 884 681 salutern
911 611 948 682 tn
974 606 1135 682 omniurn
1163 611 1354 680 saluatore.
1405 603 1557 680 Instau-

175 721 268 782 rata
300 709 529 799 sumptuosis
554 706 716 806 edificiis
734 731 811 804 per
837 709 1083 782 chonradum
1102 705 1410 780 Achaeiirardum
1433 705 1560 802 pleda-

174 831 267 888 nom
303 807 484 884 Ecclesia
516 815 649 882 sanati
681 805 817 898 Paub',
859 805 1040 884 Patauio.
1101 808 1220 883 aaran
1254 821 1362 904 quan
1386 812 1560 880 Rectores

174 911 345 984 Eiusdem
355 912 515 981 Ecclesia
540 909 590 980 ab
616 909 777 1010 antrpuo
802 921 1070 982 consueuerant
1094 909 1310 983 inhabitare.
1339 911 1486 980 veniens
1513 911 1559 978 ed

171 1033 256 1102 nos,
292 1011 388 1080 idem
415 1011 644 1101 Cirvnradus,
686 1012 817 1082 institit
843 1011 947 1082 nobis
973 1011 1144 1104 precibus
1171 1009 1365 1099 adsetiuis,
1408 1021 1445 1080 rt
1473 1031 1555 1080 oon·

175 1113 409 1206 temptatione
435 1113 685 1182 sollicitudinis
713 1110 962 1184 instaurationi
993 1113 1153 1187 eiusdem
1170 1111 1278 1181 Curis
1299 1113 1466 1202 inpense,
1482 1123 1558 1180 'nec
1636 1183 1645 1202 ,

177 1235 249 1302 non
275 1211 480 1283 deuotionis
507 1235 570 1282 aas
598 1235 776 1305 organas
803 1223 838 1282 et
852 1213 1048 1286 Ecclesiam
1074 1221 1234 1284 nostram
1260 1213 1400 1282 ratione
1415 1231 1558 1303 prorae·

172 1317 311 1384 donum
338 1315 407 1382 sibi
434 1336 502 1406 per
525 1334 592 1382 nos
617 1315 864 1405 impensarum
890 1333 1061 1400 accense,
1095 1314 1330 1404 dignaremur
1356 1313 1557 1402 admittere,

171 1415 269 1508 qaod
295 1413 340 1483 ad
366 1435 632 1507 quemeumque
660 1425 742 1506 post
768 1437 850 1485 eum
877 1437 944 1506 per
964 1437 1115 1490 ,manum
1134 1424 1296 1486 nostram
1315 1434 1464 1507 qaoth
1484 1431 1557 1486 tnn-

85 1516 88 1524 '
157 1517 238 1603 vdo,
272 1517 328 1584 rel
363 1537 429 1606 per
464 1525 543 1584 aeta
576 1514 835 1586 deuolueretor
870 1519 1052 1608 possessio
1080 1516 1187 1585 Curis
1214 1523 1412 1587 memorate
1439 1514 1470 1582 is
1495 1535 1555 1581 an·

171 1617 310 1685 unatim
348 1624 533 1685 teneretur
561 1616 666 1686 nobie
692 1627 728 1685 et
755 1617 1026 1688 suecessoribus
1054 1617 1186 1686 nostrie
1211 1615 1256 1683 de
1281 1614 1359 1706 ipsa
1380 1613 1490 1682 Curia
1512 1611 1557 1680 ad
1617 1679 1629 1688 ,
1680 1623 1700 1639 “

169 1716 379 1803 seruitium,
420 1727 578 1810 quatuor
607 1715 785 1788 librarum
812 1718 947 1786 renatis
966 1725 1110 1786 monete
1130 1716 1366 1799 Patauiensis,
1404 1734 1556 1806 quarum

171 1817 241 1886 due
263 1813 570 1887 distribuerentur
587 1815 625 1884 in
640 1819 900 1888 anniuersario
918 1817 1098 1886 Chvnradi
1119 1814 1299 1909 quondam
1317 1813 1556 1906 Tumplebani

167 1915 371 1988 donatoris
403 1919 413 1983 i
417 1917 516 2008 psius
539 1912 665 1987 Curiae
686 1927 724 1988 et
752 1918 821 1987 due
845 1917 882 1984 in
905 1916 1162 1987 anniuersario
1181 1937 1248 1987 sao
1271 1913 1556 1988 instauratoris.

168 2019 248 2088 Noa
271 2018 384 2111 igitur
399 2017 641 2104 attendentes,
660 2017 760 2110 quod
774 2018 859 2111 quie
877 2019 990 2108 gratis
1009 2020 1147 2110 penitet
1165 2038 1245 2088 ease
1258 2016 1428 2108 probum.
1450 2015 1557 2084 multi

169 2127 361 2210 torperent
393 2139 415 2186 a
439 2117 748 2209 paenitentibus,
777 2119 846 2186 nisi
871 2118 924 2186 eis
946 2119 1091 2190 effeetus
1115 2117 1290 2207 probitati
1311 2137 1439 2186 eornm
1459 2113 1557 2182 debi·

169 2231 232 2290 tue
260 2218 517 2310 responderet,
549 2229 627 2288 tum
655 2240 724 2310 pro
751 2217 850 2288 bono
875 2227 1020 2305 nostro,
1052 2229 1129 2286 turn
1159 2217 1267 2288 etiem
1286 2237 1353 2306 pro
1375 2213 1556 2286 desiderio

169 2339 263 2406 eoo,
297 2328 506 2410 prenotatas
534 2339 663 2410 preces
691 2339 793 2405 suas,
826 2327 952 2410 vtpote
979 2317 1230 2406 rationabiles,
1255 2317 1381 2402 utiles,
1414 2324 1450 2386 at
1466 2315 1556 2384 selu·

169 2421 277 2506 brea,
306 2430 495 2510 gratanter
520 2420 749 2498 admisimus,
782 2419 993 2490 mandantes
1011 2425 1222 2513 prenotatur
1246 2428 1405 2511 quatuor
1430 2416 1554 2486 libres.

168 2531 264 2618 post·
276 2543 360 2590 eum
380 2521 426 2590 ab
445 2521 543 2590 omni
563 2541 773 2613 possessore
790 2541 876 2612 sepe
897 2519 992 2591 dieta
1008 2515 1117 2592 Curia
1131 2521 1170 2590 in
1188 2528 1405 2614 perpetuum
1423 2539 1557 2588 annua·

62 2635 72 2650 ‘
168 2623 239 2690 tim
254 2621 395 2692 statutis
415 2622 580 2691 terminis
602 2621 711 2712 exigi.
735 2641 867 2713 easque
884 2621 924 2694 in
942 2623 1143 2713 prenotatis
1165 2619 1423 2691 anniversariis
1435 2617 1555 2688 distri·
1628 2621 1631 2628 '

166 2721 247 2809 bai,
270 2743 312 2790 aa
333 2741 401 2812 pro
420 2721 485 2807 eis,
508 2719 607 2812 ipsos
624 2720 893 2790 anniuersarias
910 2741 994 2792 aum
1011 2711 1217 2794 deuotione
1228 2720 1351 2791 debita
1365 2717 1555 2787 celebrari.

166 2826 208 2894 in
242 2824 345 2892 onius
370 2821 425 2894 rei
458 2822 704 2908 testimonium
720 2821 890 2911 Sigillum
915 2831 1079 2892 nostrum
1101 2820 1333 2914 presentibus
1348 2830 1404 2890 eat
1418 2837 1553 2910 appen-
1682 2879 1687 2884 .

170 2945 266 2995 eum.
323 2927 452 2994 Aetum
488 2924 643 3014 patenis.
710 2925 814 3020 Anno
851 2918 1003 2994 domini.
1023 2922 1230 2996 Itiidesimo.
1266 2917 1552 2992 Trecentesimo.

168 3023 277 3094 vlits
294 3023 332 3094 in
350 3023 409 3096 die
428 3025 532 3098 beate
550 3023 667 3096 Mario
683 3021 908 3116 Magtuene.
