3864 4728
267 375 271 384 ,
399 324 457 415 52
851 439 862 454 ἡ
959 321 1215 412 Aurlrentiea

398 559 555 646 excitu're
575 559 763 635 uolentes.
795 566 834 623 et
871 557 1015 627 monitis
1046 569 1086 626 et
1112 557 1291 648 preceptis
1317 567 1356 624 ut
1381 551 1638 648 pauper-esitii
1662 564 1696 626 et
1718 555 1765 623 in·

395 660 489 728 firmi
511 658 645 726 uestris
668 657 875 725 elemosinis
901 665 1158 754 sustententur.
1210 659 1345 725 Notum
1372 658 1479 726 etiem
1504 655 1654 726 fecimus
1682 653 1760 722 vn·

398 758 532 830 uerscli
559 756 726 841 ecclesie,
765 755 865 846 quod
889 758 956 824 hec
984 756 1112 825 domus
1138 757 1301 848 predicte
1325 755 1514 824 etfrutres
1540 755 1585 823 sd
1609 754 1765 828 eunden

360 847 365 921 j
395 859 620 950 pertinentes
645 865 879 950 potestatem,
904 866 940 924 et
966 857 1118 946 gretiem
1145 857 1191 924 cb
1217 855 1504 924 antecessoribus
1531 851 1671 934 nostris·
1690 873 1796 943 spec

397 955 536 1029 stolicis
569 957 774 1024 habuerunt
807 963 843 1022 et
867 953 912 1023 cd
937 976 1002 1024 nos
1027 977 1142 1047 usque
1167 956 1426 1048 perduxerunt.
1479 956 1594 1052 Quum
1621 953 1766 1043 gentium

396 1079 464 1128 nos
489 1056 636 1126 minime
663 1075 856 1143 negemus,
888 1053 957 1123 sed
982 1055 1162 1124 monendo
1183 1064 1225 1122 et
1249 1052 1483 1148 precipiendo
1504 1054 1764 1130 confirmemus.

395 1156 614 1247 ubicumque
646 1153 759 1222 fuerit
784 1153 936 1223 ecclesis
959 1157 1020 1224 uel
1044 1156 1304 1223 monesterium
1329 1175 1442 1247 equo
1463 1163 1588 1224 nostro
1603 1161 1766 1244 precepto

397 1255 475 1326 clue
507 1259 730 1346 prelatorum
765 1255 1020 1345 qualicumque
1055 1277 1101 1324 ex
1127 1275 1234 1322 ceusu
1258 1252 1419 1322 diuinum
1447 1249 1606 1322 officium
1633 1272 1768 1342 suspeu-

403 1377 484 1426 sum
508 1350 638 1438 suerit,
660 1355 770 1421 ‘licent
797 1353 848 1422 eis
873 1350 1008 1421 ibidem
1024 1355 1145 1447 ’‘semel
1171 1355 1209 1420 in
1234 1375 1328 1426 suno
1354 1351 1477 1420 diuina
1496 1353 1698 1444 celebrere.
1735 1359 1768 1418 et
1837 1375 1842 1380 ·

393 1457 535 1546 populo
578 1453 634 1520 dei
669 1455 822 1520 uerbum
857 1453 982 1522 solutis
1015 1455 1274 1543 euangelicere.
1340 1452 1510 1520 Pretereu
1545 1450 1766 1520 concedimus

398 1566 441 1622 ut
475 1555 506 1622 si
530 1551 665 1621 ibidem
690 1552 783 1619 sorte
810 1554 1111 1620 excommunicati
1137 1553 1198 1644 qui
1224 1551 1324 1640 digni
1344 1562 1433 1620 cunt
1458 1549 1655 1636 electione,
1687 1559 1767 1617 tunc

397 1652 575 1743 temporie
600 1651 778 1721 affuerunt
803 1671 849 1719 err
873 1651 1005 1742 pietate
1032 1646 1165 1720 Christi
1192 1652 1254 1744 qui
1276 1653 1460 1720 neminem
1487 1653 1566 1720 uult
1590 1651 1766 1742 perirest

398 1773 524 1821 umore
561 1749 620 1840 pie
648 1751 779 1818 ¹metris
815 1771 838 1818 u
871 1749 997 1818 diuino
1030 1746 1153 1820 officio
1184 1772 1259 1820 nou
1288 1759 1536 1821 coerceantur.
1596 1751 1766 1819 Nolumus

401 1853 509 1919 etiem
543 1870 609 1922 uos
635 1849 704 1918 hoc
730 1843 900 1948 ignorare
925 1846 1113 1919 llerissimi
1138 1850 1237 1943 quod
1262 1849 1371 1939 ijdem
1397 1851 1529 1919 frstres
1553 1859 1592 1920 et
1612 1848 1768 1918 eiusdem

401 1950 528 2019 domus
552 1947 679 2035 nuutij‚
709 1969 729 2015 e
755 1949 916 2018 Romans
942 1949 1026 2018 sede
1051 1950 1256 2019 habuerunt
1282 1960 1319 2018 et
1339 1951 1475 2020 nostris
1501 1949 1727 2039 temporibus
1750 1967 1768 2015 n

389 2057 523 2120 nostre
549 2047 737 2115 clementie
763 2058 998 2138 acceperunt,
1031 2059 1077 2120 ut
1104 2047 1235 2120 fratres
1262 2058 1299 2117 et
1323 2071 1468 2122 sorores
1490 2070 1623 2118 eorum
1649 2049 1768 2117 fruer-

397 2148 520 2217 nitetie
550 2146 764 2238 participes,
804 2167 896 2239 quos
931 2149 1164 2218 ecclesiarum
1197 2148 1334 2241 prelsti.
1376 2149 1471 2242 opud
1498 2149 1669 2216 ecclesius
1694 2165 1767 2216 sues

393 2247 572 2317 melitiose
598 2268 671 2316 non
695 2248 925 2337 permiserint
951 2249 1120 2338 sepeliri,
1154 2249 1224 2318 nisi
1250 2248 1550 2318 excommunicati
1576 2247 1639 2317 uel
1665 2245 1768 2314 norni-

396 2348 510 2416 nntim
541 2345 681 2415 fuerint,
707 2346 912 2433 interdicti,
949 2357 1011 2416 eut
1042 2348 1151 2417 etium
1176 2349 1321 2441 publice
1347 2347 1526 2436 usurarii,
1566 2347 1712 2416 uuleunt
1734 2345 1769 2414 in

303 2471 307 2478 ·
398 2444 593 2532 Gimiterijs
630 2441 766 2540 ubsque
791 2448 866 2515 ullu
892 2443 1177 2518 contradictione
1203 2457 1301 2516 terre
1329 2447 1553 2518 committere
1579 2457 1615 2514 et
1632 2443 1769 2518 ibidem

398 2543 652 2614 defunctorum
679 2545 892 2637 sollempnis
916 2546 1112 2616 celebrere.
1174 2548 1324 2638 Insuper,
1349 2545 1636 2617 misericorditer
1661 2542 1767 2614 indul·

395 2665 542 2735 gemus,
568 2643 782 2730 homicides,
810 2645 1031 2732 «deminutus,
1056 2657 1092 2715 et
1116 2643 1266 2715 feminus
1293 2669 1363 2740 que
1389 2648 1557 2738 proprios
1583 2663 1766 2737 oppresse·

393 2754 455 2812 rut
477 2743 659 2814 inlentens
681 2745 873 2829 (insontes)
898 2746 960 2813 uel
985 2744 1184 2814 custodium
1210 2748 1460 2840 neglescerunt
1483 2745 1765 2835 (neglexerunt),

396 2843 486 2934 ipsis
513 2846 721 2932 submersis,
744 2845 784 2913 in
808 2847 893 2936 igne
920 2845 1066 2932 exustis,
1092 2868 1113 2915 n
1135 2845 1224 2916 feris
1252 2847 1441 2932 ditemntte,
1467 2847 1769 2935 elericorumper·

396 2965 560 3014 cussoree
585 2946 720 3036 ubsque
748 2943 940 3035 Sanguinis
967 2944 1151 3032 effusione,
1177 2945 1207 3014 si
1229 2946 1424 3016 casualiter
1449 2947 1508 3014 uel
1534 2947 1571 3013 in
1595 2943 1766 3022 tebernis,

394 3047 456 3110 uel
481 3044 544 3134 qui
569 3055 737 3132 parentes
764 3043 1008 3129 offenderunt,
1043 3044 1179 3136 ubsque
1205 3067 1376 3114 munuum
1399 3044 1614 3130 inustione,
1651 3039 1767 3113 cimili-

395 3152 453 3206 ter
480 3161 544 3208 eos
571 3141 633 3230 qui
659 3139 829 3208 ecclesius
854 3145 914 3210 uel
939 3143 1096 3211 eleuetrs
1121 3145 1185 3212 uel·
1207 3145 1276 3212 slis
1300 3146 1362 3234 piu
1384 3145 1467 3214 loce
1492 3145 1530 3213 ui
1556 3151 1765 3224 castres-unt,

397 3237 528 3308 uelud
554 3237 632 3327 ipsc
657 3238 877 3330 refugientes
905 3243 1095 3311 temernrie
1121 3253 1413 3333 occupauerunt,
1454 3243 1553 3312 etin
1578 3239 1768 3334 cimiteriis

396 3341 457 3405 uel
491 3337 653 3424 ecclesiis
687 3339 897 3430 sanguinem
931 3339 1156 3411 effunderunt
1181 3343 1468 3426 (effuderunt),
1507 3351 1634 3434 preter
1660 3344 1768 3409 incen-

397 3436 530 3504 diurios
565 3439 817 3526 ecclesiarum,
858 3439 1058 3529 adulteros,
1092 3437 1306 3513 ince'stiosos
1332 3443 1608 3527 (incestuosos)
1648 3435 1769 3532 spolie·

311 3541 323 3552 '
397 3547 514 3620 tores,
552 3538 611 3606 uel
645 3549 829 3629 ruptores,
865 3541 1052 3629 penetres,
1087 3552 1123 3610 et
1156 3543 1192 3610 in
1223 3543 1357 3612 ceteris
1382 3543 1525 3611 casibus
1550 3561 1618 3631 pro
1645 3537 1768 3634 quibus

315 3679 319 3692 ·
396 3635 442 3704 ud
489 3643 651 3706 nostrum
691 3637 908 3708 audientium
948 3651 1031 3709 sunt
1070 3641 1334 3712 transmittendi
1374 3663 1462 3711 uere
1510 3639 1695 3712 confessos
1734 3644 1767 3705 et

395 3737 457 3821 pie
496 3736 624 3808 uiuere
663 3738 828 3807 uolentes
865 3741 902 3807 in
929 3739 1072 3809 Christo
1111 3741 1213 3812 ihesu
1245 3763 1313 3833 per
1345 3753 1477 3811 'munus
1512 3738 1764 3831 predictorum·

396 3833 534 3903 Peioris
569 3845 605 3904 et
640 3835 814 3922 lectrum,
847 3845 968 3907 cenete
1004 3840 1129 3910 metris
1162 3841 1314 3911 ecclesie
1348 3839 1587 3912 reconciliari.
1637 3841 1766 3924 Etuot

397 3931 565 4002 Clemens
590 3937 747 4026 quinon
774 3936 905 4007 nostris
931 3938 1069 4008 meritis
1096 3939 1158 4010 sed
1184 3940 1307 4011 diuise
1331 3943 1449 4031 'gretie
1473 3941 1518 4010 ed
1543 3950 1696 4030 pepetus
1713 3937 1767 4004 lto·
1901 3987 1902 3996 κ

393 4051 524 4102 norem
559 4037 807 4132 perueniruue,
848 4057 973 4107 omnes
998 4036 1061 4132 qui
1086 4041 1177 4111 hunc
1203 4041 1349 4114 domum
1373 4039 1579 4127 clsmotints
1602 4049 1667 4111 rut
1692 4053 1769 4106 oon-
