3804 4718
656 335 921 429 Authentica.
1059 327 1065 348 '
1418 355 1497 444 111

127 573 273 657 neficia)
307 567 516 650 liberaliter
551 595 572 644 a
605 556 910 672 progenitoribus
944 567 1078 647 nostris
1104 576 1266 649 ecclesiis
1294 580 1423 649 collata
1449 579 1498 650 di·

124 676 293 746 minuere
317 674 490 744 nolentes.
516 675 697 746 immede
723 673 950 747 liberalitatis
976 687 1100 746 nostre
1131 677 1376 749 munificentia
1409 681 1496 752 dila·

123 774 258 843 tatiani
292 795 418 844 earum
451 773 683 866 disponentes
722 775 876 845 adicere.
912 773 1138 845 uniuersitati
1174 787 1294 846 restra
1335 783 1496 870 presenti

123 873 264 964 scripto
288 872 456 942 duximus
480 872 728 944 rirtr'mandum.
757 886 844 968 quot
872 873 1002 970 (quod)
1029 895 1095 963 pro
1111 876 1361 947 salutenostra
1386 891 1421 948 st
1437 901 1496 972 ps·
1565 904 1573 916 ·
1653 953 1655 965 ,

122 982 271 1043 rentum
305 983 515 1044 noatmrum
547 973 693 1045 dilectis.
719 975 886 1046 fidelibus
919 973 1063 1044 nostris.
1121 976 1328 1066 Rappotoni
1367 980 1496 1048 maiori

110 1073 329 1166 prepostito
353 1071 503 1165 totique.
530 1076 699 1168 capitulo.
725 1076 950 1173 augustensis
969 1074 1121 1144 ecclesie
1136 1075 1343 1146 aduocatiaa
1364 1078 1494 1150 utrius·

121 1194 208 1266 que.
233 1172 342 1242 villae
366 1172 546 1266 Altingen.
572 1177 639 1246 sub
665 1167 718 1248 eo'
735 1176 816 1246 iure
840 1197 882 1248 aa
909 1198 952 1244 ea
976 1175 1160 1265 pensione.
1189 1196 1261 1267 qua
1279 1195 1345 1256 veas
1371 1177 1441 1268 ipsi
1461 1189 1497 1248 et
1563 1246 1567 1255 ,

122 1283 374 1344 antecessores
399 1294 527 1343 eorum
552 1275 601 1344 ab
625 1275 750 1346 inclite
774 1271 1036 1345 reeordationis
1053 1275 1155 1366 Rege
1172 1275 1340 1368 Philippo
1366 1289 1497 1368 patruo

121 1383 251 1444 nostm
284 1383 322 1442 et
353 1374 585 1466 postmodum
620 1375 824 1445 habuerunt
848 1375 1014 1446 hilariter
1039 1373 1278 1446 concedimus.
1306 1385 1342 1444 et
1366 1378 1497 1454 haben·
1575 1438 1581 1450 .

1 1454 2 1532 Ῐ
122 1474 187 1544 dns
224 1471 448 1544 dimittimus.
484 1485 602 1546 ratum
634 1486 671 1546 et
702 1475 847 1544 firmum
880 1473 1037 1544 habituri
1070 1473 1206 1543 factum
1239 1475 1353 1566 patris
1380 1479 1496 1547 nostri

67 1643 69 1647 ,
121 1572 378 1666 gloriosissimi
402 1574 636 1667 Imperatoris
661 1575 907 1644 Romanorum
934 1592 1079 1664 semper
1103 1575 1256 1666 augusti.
1275 1587 1312 1643 et
1331 1577 1427 1668 regis
1445 1579 1496 1646 Si·
1573 1587 1577 1596 '

1 1722 2 1727 1
121 1671 207 1741 cilis
234 1672 297 1766 qni
321 1671 414 1742 sicut
441 1675 646 1744 continetur
670 1675 708 1744 in
734 1675 849 1744 literis
874 1676 948 1745 suis
974 1674 1071 1744 dicto
1097 1671 1256 1766 capitulo
1283 1696 1392 1765 super
1425 1680 1495 1746 hoc

85 1861 93 1868 ν
118 1771 282 1842 indultis.
309 1771 466 1864 prefatas
492 1773 707 1846 advocatiae.
733 1773 914 1845 antedicto
949 1775 1145 1866 preposito.
1177 1781 1213 1842 et
1246 1776 1397 1845 ecclesie
1430 1799 1528 1846 srisl

121 1873 303 1944 concessit
329 1881 443 1941 antea.
470 1883 506 1942 et
531 1871 576 1944 de
601 1875 703 1967 regie
729 1875 926 1944 maiestatis
951 1875 1070 1966 gratia
1104 1873 1268 1964 permisit
1300 1875 1494 1946 habendas.
1548 1953 1557 1962 ,
1616 1861 1624 1872 ’

120 1974 175 2043 Ne
202 1968 317 2064 igitur
341 1974 568 2064 temporibus
593 1976 727 2044 nostris
752 1976 904 2065 gratiam
932 1995 1039 2066 qnam
1065 1993 1176 2066 super
1200 1971 1397 2045 aduocatiis
1422 1975 1497 2046 illis
1557 2041 1562 2046 .
1657 2041 1662 2052 .

119 2085 174 2143 est
202 2079 395 2141 consecuta
422 2074 572 2144 ecclesia
598 2070 833 2165 Arrgustensis
859 2095 1088 2166 quomque
1126 2075 1361 2166 easu‘yateat
1394 2073 1496 2142 amit·

119 2184 210 2242 tere.
263 2171 474 2240 Mandemus
513 2173 580 2241 sub
614 2173 906 2244 interminatione
941 2175 1057 2264 gratie
1093 2182 1218 2240 nostre
1251 2173 1493 2264 precipientes

119 2272 296 2341 districte.
322 2279 361 2340 ut
385 2271 506 2340 nullus
532 2273 576 2341 sit
602 2274 664 2368 qui
690 2274 860 2365 deinceps
888 2295 1032 2342 manum
1056 2271 1285 2342 temerariam
1311 2272 1348 2340 in
1375 2269 1495 2363 prein-

120 2373 257 2441 dtcium
283 2371 435 2442 ecclesis
460 2371 629 2442 iamdicto
655 2373 699 2442 ad
725 2375 821 2464 ipsas
840 2371 969 2441 audeat
985 2371 1179 2442 extendere
1195 2372 1415 2442 aduocatias.
1431 2373 1493 2442 nel

121 2494 160 2543 se
187 2468 464 2560 intromittendo
490 2469 535 2539 de
562 2472 659 2562 ipsis.
686 2476 746 2541 uel
771 2473 859 2542 alias
884 2473 921 2540 in
948 2473 1000 2542 eis
1025 2472 1121 2540 dicto
1147 2473 1332 2563 preposito
1368 2482 1404 2540 et
1438 2494 1493 2542 ca·

120 2571 263 2642 nonicis
297 2571 372 2640 suis
405 2569 536 2640 amodo
570 2571 762 2642 inferendo
793 2572 962 2640 damnum
996 2573 1136 2664 aliquot
1171 2571 1250 2641 sina
1281 2593 1490 2663 grauamen.

120 2675 214 2768 Qrot
242 2670 375 2763 (qnod)
401 2671 513 2761 siquis
541 2669 658 2740 iacere
678 2673 948 2762 presumpserit.
965 2671 1089 2738 diuine
1104 2672 1300 2739 maiestatis
1316 2680 1353 2739 et
1367 2683 1493 2741 nostre

118 2769 378 2861 indignationis
394 2789 476 2838 ‘non
502 2770 651 2859 effugiet
674 2767 861 2840 ultionem.
895 2773 999 2838 Anno
1024 2769 1204 2838 dominice
1221 2770 1491 2840 incarnationis.

119 2871 315 2940 millesimo
339 2869 596 2938 ducentesimo
635 2869 809 2940 vicesimo
845 2867 1015 2938 secundo.
1051 2868 1115 2935 iiii.
1152 2866 1340 2938 liniendas.
1380 2868 1490 2937 Junii.

120 2969 330 3040 lndietione.
356 2967 441 3041 viiii.

187 3207 219 3282 n)
247 3197 398 3286 Sigillum
424 3197 460 3262 in
487 3217 541 3260 ora
567 3195 716 3261 inferiori
741 3193 897 3262 nonnihil
917 3172 1071 3270 'lassantem¹
1103 3213 1165 3278 qun
1194 3193 1338 3261 laesione
1370 3193 1493 3278 aliquot

245 3298 368 3362 mediae
392 3295 611 3382 inscriptionis
636 3295 761 3364 litterae
788 3305 1008 3374 evanuerunt,
1043 3295 1202 3380 appendet
1225 3316 1265 3362 ex
1291 3293 1356 3361 filia
1383 3293 1492 3360 sericis

243 3398 335 3462 rubri
359 3408 390 3462 et
415 3396 482 3460 albi
508 3397 631 3463 eoloris.

183 3553 219 3638 d)
245 3553 383 3618 Indictis
410 3573 543 3618 erronea
568 3509 742 3633 sst'posita
767 3561 799 3614 at
824 3549 948 3614 unitata
973 3549 1135 3612 decurtata
1159 3545 1230 3610 loco
1256 3545 1347 3615 xasa·
1386 3548 1491 3616 Locus
1619 3589 1623 3594 -

242 3666 350 3718 autem
376 3674 443 3718 non
470 3665 518 3718 ast
544 3671 731 3736 expressus,
753 3647 811 3712 nbi
835 3650 944 3712 datum
969 3648 1011 3714 sit
1034 3649 1303 3715 instrumentum.

171 3799 219 3888 c)
247 3807 309 3871 Per
334 3784 458 3887 omnia,
485 3805 542 3870 rix
566 3827 633 3869 non
660 3805 698 3868 da
721 3803 821 3866 rerba
847 3803 1068 3880 adverbum,
1093 3799 1243 3864 convenit
1270 3817 1343 3862 cum
1363 3817 1508 3886 praece·-

244 3907 335 3972 dsnti
359 3909 540 3992 diplomate
560 3905 703 3970 eiusdem
729 3903 812 3992 regis
838 3915 917 3968 tunc
942 3902 1034 3969 electi
1064 3911 1155 3969 1220.
1185 3912 1212 3967 1.
1239 3899 1323 3982 Sept.

127 4071 134 4077 '
185 4061 220 4146 d)
246 4063 417 4128 ineditum.
