<?xml version="1.0" encoding="UTF-8"?>
<!DOCTYPE html PUBLIC "-//W3C//DTD XHTML 1.0 Transitional//EN"
    "http://www.w3.org/TR/xhtml1/DTD/xhtml1-transitional.dtd">
<html xmlns="http://www.w3.org/1999/xhtml" xml:lang="en" lang="en">
 <head>
  <title>
</title>
<meta http-equiv="Content-Type" content="text/html;charset=utf-8" />
  <meta name='ocr-system' content='tesseract 3.04.00' />
  <meta name='ocr-capabilities' content='ocr_page ocr_carea ocr_par ocr_line ocrx_word'/>
</head>
<body>
  <div class='ocr_page' id='page_1' title='image "./monumentaboicae22landgoog_0009.png"; bbox 0 0 3870 4718; ppageno 0'>
   <div class='ocr_carea' id='block_1_1' title="bbox 800 1136 980 1256">
    <p class='ocr_par' dir='ltr' id='par_1_1' title="bbox 800 1136 980 1256">
     <span class='ocr_line' id='line_1_1' title="bbox 800 1136 980 1256; baseline -0.078 0"><span class='ocrx_word' id='word_1_1' title='bbox 800 1239 806 1256; x_wconf 92' lang='lat'>.</span> <span class='ocrx_word' id='word_1_2' title='bbox 864 1136 980 1245; x_wconf 89' lang='lat' dir='ltr'>DC.</span> 
     </span>
    </p>
   </div>
   <div class='ocr_carea' id='block_1_2' title="bbox 573 1365 1266 1450">
    <p class='ocr_par' dir='ltr' id='par_1_2' title="bbox 573 1365 1266 1450">
     <span class='ocr_line' id='line_1_2' title="bbox 573 1365 1266 1450; baseline -0.006 -21"><span class='ocrx_word' id='word_1_3' title='bbox 573 1375 665 1430; x_wconf 82' lang='lat' dir='ltr'>Anno</span> <span class='ocrx_word' id='word_1_4' title='bbox 695 1373 798 1430; x_wconf 74' lang='lat'>1212.</span> <span class='ocrx_word' id='word_1_5' title='bbox 852 1375 882 1428; x_wconf 79' lang='lat'>5.</span> <span class='ocrx_word' id='word_1_6' title='bbox 911 1365 1034 1426; x_wconf 75' lang='lat' dir='ltr'>ottob·</span> <span class='ocrx_word' id='word_1_7' title='bbox 1072 1366 1266 1450; x_wconf 76' lang='lat' dir='ltr'>Hagenowe.</span> 
     </span>
    </p>
   </div>
   <div class='ocr_carea' id='block_1_3' title="bbox 185 1537 1604 2482">
    <p class='ocr_par' dir='ltr' id='par_1_3' title="bbox 185 1537 1604 2482">
     <span class='ocr_line' id='line_1_3' title="bbox 236 1537 1604 1677; baseline -0.005 -45"><span class='ocrx_word' id='word_1_8' title='bbox 236 1543 479 1632; x_wconf 88' lang='lat' dir='ltr'>Fridericus</span> <span class='ocrx_word' id='word_1_9' title='bbox 509 1543 604 1627; x_wconf 86' lang='grc' dir='ltr'>Π.’</span> <span class='ocrx_word' id='word_1_10' title='bbox 591 1571 633 1626; x_wconf 91' lang='lat' dir='ltr'>m</span> <span class='ocrx_word' id='word_1_11' title='bbox 658 1543 956 1633; x_wconf 86' lang='lat' dir='ltr'>Romanorum</span> <span class='ocrx_word' id='word_1_12' title='bbox 983 1541 1289 1677; x_wconf 81' lang='lat' dir='ltr'><strong>imperatorem</strong></span> <span class='ocrx_word' id='word_1_13' title='bbox 1313 1537 1495 1644; x_wconf 88' lang='lat' dir='ltr'>electus,</span> <span class='ocrx_word' id='word_1_14' title='bbox 1526 1567 1604 1626; x_wconf 85' lang='lat' dir='ltr'>rex</span> 
     </span>
     <span class='ocr_line' id='line_1_4' title="bbox 236 1657 1604 1776; baseline -0.004 -28"><span class='ocrx_word' id='word_1_15' title='bbox 236 1661 426 1764; x_wconf 83' lang='lat' dir='ltr'>Siciliae,</span> <span class='ocrx_word' id='word_1_16' title='bbox 459 1658 636 1745; x_wconf 83' lang='lat' dir='ltr'><strong>ducatus</strong></span> <span class='ocrx_word' id='word_1_17' title='bbox 666 1657 846 1774; x_wconf 84' lang='lat' dir='ltr'>Apuliae</span> <span class='ocrx_word' id='word_1_18' title='bbox 879 1680 921 1744; x_wconf 88' lang='lat' dir='ltr'>et</span> <span class='ocrx_word' id='word_1_19' title='bbox 947 1660 1208 1776; x_wconf 82' lang='lat' dir='ltr'>principatus</span> <span class='ocrx_word' id='word_1_20' title='bbox 1242 1660 1437 1773; x_wconf 80' lang='lat' dir='ltr'>Capuae,</span> <span class='ocrx_word' id='word_1_21' title='bbox 1468 1659 1510 1741; x_wconf 92' lang='lat' dir='ltr'>in</span> <span class='ocrx_word' id='word_1_22' title='bbox 1537 1657 1604 1743; x_wconf 85' lang='lat' dir='ltr'>fa-</span> 
     </span>
     <span class='ocr_line' id='line_1_5' title="bbox 234 1775 1604 1913; baseline 0 -52"><span class='ocrx_word' id='word_1_23' title='bbox 234 1807 383 1862; x_wconf 86' lang='lat' dir='ltr'>vorem</span> <span class='ocrx_word' id='word_1_24' title='bbox 416 1777 562 1863; x_wconf 87' lang='lat' dir='ltr'>Sifridi</span> <span class='ocrx_word' id='word_1_25' title='bbox 583 1775 897 1913; x_wconf 82' lang='lat' dir='ltr'>archiepiscopi</span> <span class='ocrx_word' id='word_1_26' title='bbox 926 1777 1166 1892; x_wconf 84' lang='lat' dir='ltr'>Moguntini</span> <span class='ocrx_word' id='word_1_27' title='bbox 1198 1791 1240 1862; x_wconf 91' lang='lat' dir='ltr'>et</span> <span class='ocrx_word' id='word_1_28' title='bbox 1263 1775 1517 1891; x_wconf 89' lang='lat' dir='ltr'>apostolicae</span> <span class='ocrx_word' id='word_1_29' title='bbox 1535 1807 1604 1861; x_wconf 90' lang='lat' dir='ltr'>se-</span> 
     </span>
     <span class='ocr_line' id='line_1_6' title="bbox 185 1888 1602 2029; baseline -0.001 -49"><span class='ocrx_word' id='word_1_30' title='bbox 185 1940 192 1950; x_wconf 76' lang='lat'>,</span> <span class='ocrx_word' id='word_1_31' title='bbox 235 1893 299 1980; x_wconf 88' lang='lat' dir='ltr'>dis</span> <span class='ocrx_word' id='word_1_32' title='bbox 330 1895 476 2008; x_wconf 84' lang='lat' dir='ltr'>legati,</span> <span class='ocrx_word' id='word_1_33' title='bbox 519 1897 594 2008; x_wconf 92' lang='lat' dir='ltr'>qui</span> <span class='ocrx_word' id='word_1_34' title='bbox 629 1888 709 1980; x_wconf 87' lang='lat' dir='ltr'>sub</span> <span class='ocrx_word' id='word_1_35' title='bbox 746 1899 863 2007; x_wconf 84' lang='lat' dir='ltr'>gravi</span> <span class='ocrx_word' id='word_1_36' title='bbox 903 1895 1094 2029; x_wconf 80' lang='lat' dir='ltr'>periculo</span> <span class='ocrx_word' id='word_1_37' title='bbox 1135 1913 1177 1978; x_wconf 90' lang='lat' dir='ltr'>et</span> <span class='ocrx_word' id='word_1_38' title='bbox 1206 1892 1352 1980; x_wconf 86' lang='lat' dir='ltr'>labore</span> <span class='ocrx_word' id='word_1_39' title='bbox 1380 1923 1429 1980; x_wconf 89' lang='lat' dir='ltr'>ac</span> <span class='ocrx_word' id='word_1_40' title='bbox 1458 1893 1602 1978; x_wconf 89' lang='lat' dir='ltr'>multis</span> 
     </span>
     <span class='ocr_line' id='line_1_7' title="bbox 235 2009 1604 2146; baseline 0.001 -50"><span class='ocrx_word' id='word_1_41' title='bbox 235 2011 475 2126; x_wconf 80' lang='lat' dir='ltr'>sumptibus</span> <span class='ocrx_word' id='word_1_42' title='bbox 505 2014 595 2124; x_wconf 88' lang='lat' dir='ltr'>regi</span> <span class='ocrx_word' id='word_1_43' title='bbox 626 2011 834 2115; x_wconf 79' lang='lat' dir='ltr'>servivit,</span> <span class='ocrx_word' id='word_1_44' title='bbox 844 2009 884 2096; x_wconf 90' lang='lat' dir='ltr'>ei</span> <span class='ocrx_word' id='word_1_45' title='bbox 914 2014 1092 2146; x_wconf 79' lang='lat' dir='ltr'>eiusque</span> <span class='ocrx_word' id='word_1_46' title='bbox 1123 2011 1441 2100; x_wconf 88' lang='lat' dir='ltr'>successoribus</span> <span class='ocrx_word' id='word_1_47' title='bbox 1462 2012 1604 2106; x_wconf 84' lang='lat' dir='ltr'>omnia</span> 
     </span>
     <span class='ocr_line' id='line_1_8' title="bbox 234 2127 1604 2244; baseline 0.001 -32"><span class='ocrx_word' id='word_1_48' title='bbox 234 2129 346 2214; x_wconf 87' lang='lat' dir='ltr'>bona</span> <span class='ocrx_word' id='word_1_49' title='bbox 377 2127 567 2233; x_wconf 84' lang='lat' dir='ltr'>dimittit,</span> <span class='ocrx_word' id='word_1_50' title='bbox 611 2154 719 2241; x_wconf 85' lang='lat' dir='ltr'>quae</span> <span class='ocrx_word' id='word_1_51' title='bbox 751 2127 818 2212; x_wconf 86' lang='lat' dir='ltr'>rel</span> <span class='ocrx_word' id='word_1_52' title='bbox 849 2132 1142 2244; x_wconf 84' lang='lat' dir='ltr'>progenitores</span> <span class='ocrx_word' id='word_1_53' title='bbox 1174 2131 1240 2214; x_wconf 89' lang='lat' dir='ltr'>sui</span> <span class='ocrx_word' id='word_1_54' title='bbox 1269 2129 1338 2214; x_wconf 89' lang='lat' dir='ltr'>vel</span> <span class='ocrx_word' id='word_1_55' title='bbox 1369 2129 1478 2212; x_wconf 92' lang='lat' dir='ltr'>alii</span> <span class='ocrx_word' id='word_1_56' title='bbox 1466 2157 1604 2243; x_wconf 86' lang='lat' dir='ltr'>tmpe-</span> 
     </span>
     <span class='ocr_line' id='line_1_9' title="bbox 312 2245 1519 2360; baseline 0 -30"><span class='ocrx_word' id='word_1_57' title='bbox 312 2265 475 2334; x_wconf 87' lang='lat' dir='ltr'>ratores</span> <span class='ocrx_word' id='word_1_58' title='bbox 503 2265 576 2332; x_wconf 90' lang='lat' dir='ltr'>aut</span> <span class='ocrx_word' id='word_1_59' title='bbox 606 2269 727 2360; x_wconf 81' lang='lat' dir='ltr'>reges</span> <span class='ocrx_word' id='word_1_60' title='bbox 755 2245 808 2332; x_wconf 90' lang='lat' dir='ltr'>ab</span> <span class='ocrx_word' id='word_1_61' title='bbox 840 2246 1016 2331; x_wconf 89' lang='lat' dir='ltr'>ecclesia</span> <span class='ocrx_word' id='word_1_62' title='bbox 1041 2265 1270 2334; x_wconf 88' lang='lat' dir='ltr'>tenuerunt</span> <span class='ocrx_word' id='word_1_63' title='bbox 1298 2247 1387 2333; x_wconf 81' lang='lat' dir='ltr'>sive</span> <span class='ocrx_word' id='word_1_64' title='bbox 1418 2245 1519 2333; x_wconf 90' lang='lat' dir='ltr'>alias</span> 
     </span>
     <span class='ocr_line' id='line_1_10' title="bbox 783 2363 1056 2482; baseline 0.004 -34"><span class='ocrx_word' id='word_1_65' title='bbox 783 2363 1056 2482; x_wconf 89' lang='lat' dir='ltr'>occupabant.</span> 
     </span>
    </p>
   </div>
   <div class='ocr_carea' id='block_1_4' title="bbox 143 2573 1641 3430">
    <p class='ocr_par' dir='ltr' id='par_1_4' title="bbox 143 2573 1641 3430">
     <span class='ocr_line' id='line_1_11' title="bbox 143 2573 1641 2736; baseline 0.007 -36"><span class='ocrx_word' id='word_1_66' title='bbox 143 2732 145 2736; x_wconf 13' lang='grc' dir='ltr'><strong><em>ι</em></strong></span> <span class='ocrx_word' id='word_1_67' title='bbox 232 2573 467 2706; x_wconf 79' lang='lat' dir='ltr'>Frederieua</span> <span class='ocrx_word' id='word_1_68' title='bbox 494 2635 552 2728; x_wconf 86' lang='lat' dir='ltr'>dej</span> <span class='ocrx_word' id='word_1_69' title='bbox 579 2641 695 2729; x_wconf 77' lang='lat' dir='ltr'>gratia</span> <span class='ocrx_word' id='word_1_70' title='bbox 720 2639 757 2710; x_wconf 83' lang='lat' dir='ltr'>in</span> <span class='ocrx_word' id='word_1_71' title='bbox 785 2643 1031 2710; x_wconf 85' lang='lat' dir='ltr'>Romanorum</span> <span class='ocrx_word' id='word_1_72' title='bbox 1051 2641 1316 2729; x_wconf 80' lang='lat' dir='ltr'>Imperatorum</span> <span class='ocrx_word' id='word_1_73' title='bbox 1341 2637 1488 2710; x_wconf 81' lang='lat' dir='ltr'>electus.</span> <span class='ocrx_word' id='word_1_74' title='bbox 1525 2635 1604 2706; x_wconf 83' lang='lat' dir='ltr'>Rex</span> <span class='ocrx_word' id='word_1_75' title='bbox 1636 2699 1641 2711; x_wconf 86' lang='lat'>.</span> 
     </span>
     <span class='ocr_line' id='line_1_12' title="bbox 151 2741 1604 2836; baseline -0.001 -24"><span class='ocrx_word' id='word_1_76' title='bbox 151 2775 158 2787; x_wconf 68' lang='lat'>=</span> <span class='ocrx_word' id='word_1_77' title='bbox 235 2745 560 2826; x_wconf 22' lang='lat' dir='ltr'>Sicilie.,Ducatus</span> <span class='ocrx_word' id='word_1_78' title='bbox 594 2745 736 2834; x_wconf 80' lang='lat' dir='ltr'>Apulia.</span> <span class='ocrx_word' id='word_1_79' title='bbox 769 2757 804 2813; x_wconf 87' lang='lat' dir='ltr'>et</span> <span class='ocrx_word' id='word_1_80' title='bbox 830 2747 1056 2834; x_wconf 80' lang='lat' dir='ltr'>Principatus</span> <span class='ocrx_word' id='word_1_81' title='bbox 1082 2742 1217 2836; x_wconf 84' lang='lat' dir='ltr'>Gapue.</span> <span class='ocrx_word' id='word_1_82' title='bbox 1252 2742 1441 2814; x_wconf 83' lang='lat' dir='ltr'>Vniuersis</span> <span class='ocrx_word' id='word_1_83' title='bbox 1468 2741 1604 2814; x_wconf 79' lang='lat' dir='ltr'>Christi</span> 
     </span>
     <span class='ocr_line' id='line_1_13' title="bbox 234 2839 1603 2928; baseline -0.001 -18"><span class='ocrx_word' id='word_1_84' title='bbox 234 2841 401 2910; x_wconf 83' lang='lat' dir='ltr'>fidelibus</span> <span class='ocrx_word' id='word_1_85' title='bbox 427 2850 613 2928; x_wconf 83' lang='lat' dir='ltr'>presentes</span> <span class='ocrx_word' id='word_1_86' title='bbox 638 2843 777 2907; x_wconf 84' lang='lat' dir='ltr'>litteras</span> <span class='ocrx_word' id='word_1_87' title='bbox 802 2839 1030 2928; x_wconf 87' lang='lat' dir='ltr'>inspecturis.</span> <span class='ocrx_word' id='word_1_88' title='bbox 1083 2844 1242 2907; x_wconf 83' lang='lat' dir='ltr'>Salutem</span> <span class='ocrx_word' id='word_1_89' title='bbox 1267 2843 1305 2906; x_wconf 88' lang='lat' dir='ltr'>in</span> <span class='ocrx_word' id='word_1_90' title='bbox 1331 2851 1479 2908; x_wconf 84' lang='lat' dir='ltr'>auctore</span> <span class='ocrx_word' id='word_1_91' title='bbox 1507 2843 1603 2908; x_wconf 82' lang='lat' dir='ltr'>salu-</span> 
     </span>
     <span class='ocr_line' id='line_1_14' title="bbox 234 2936 1602 3028; baseline -0.001 -20"><span class='ocrx_word' id='word_1_92' title='bbox 234 2943 292 3009; x_wconf 89' lang='lat' dir='ltr'>tis.</span> <span class='ocrx_word' id='word_1_93' title='bbox 347 2941 389 3006; x_wconf 89' lang='lat' dir='ltr'>Vt</span> <span class='ocrx_word' id='word_1_94' title='bbox 426 2938 587 3008; x_wconf 85' lang='lat' dir='ltr'>ecelesiis</span> <span class='ocrx_word' id='word_1_95' title='bbox 622 2949 659 3006; x_wconf 91' lang='lat' dir='ltr'>ot</span> <span class='ocrx_word' id='word_1_96' title='bbox 691 2938 857 3028; x_wconf 87' lang='lat' dir='ltr'>personis</span> <span class='ocrx_word' id='word_1_97' title='bbox 891 2937 1143 3006; x_wconf 88' lang='lat' dir='ltr'>ecelesiasticis</span> <span class='ocrx_word' id='word_1_98' title='bbox 1174 2936 1330 3012; x_wconf 82' lang='lat' dir='ltr'>maxime</span> <span class='ocrx_word' id='word_1_99' title='bbox 1362 2937 1602 3028; x_wconf 77' lang='lat' dir='ltr'>Principibus.</span> 
     </span>
     <span class='ocr_line' id='line_1_15' title="bbox 232 3035 1604 3131; baseline -0.001 -21"><span class='ocrx_word' id='word_1_100' title='bbox 232 3052 268 3110; x_wconf 88' lang='lat' dir='ltr'>et</span> <span class='ocrx_word' id='word_1_101' title='bbox 293 3038 364 3109; x_wconf 87' lang='lat' dir='ltr'>illia</span> <span class='ocrx_word' id='word_1_102' title='bbox 391 3039 562 3130; x_wconf 83' lang='lat' dir='ltr'>precipue</span> <span class='ocrx_word' id='word_1_103' title='bbox 589 3037 652 3129; x_wconf 81' lang='lat' dir='ltr'>qbi</span> <span class='ocrx_word' id='word_1_104' title='bbox 677 3060 744 3128; x_wconf 90' lang='lat' dir='ltr'>pro</span> <span class='ocrx_word' id='word_1_105' title='bbox 772 3047 892 3108; x_wconf 85' lang='lat' dir='ltr'>nostra</span> <span class='ocrx_word' id='word_1_106' title='bbox 920 3035 1148 3131; x_wconf 84' lang='lat' dir='ltr'>promotione</span> <span class='ocrx_word' id='word_1_107' title='bbox 1174 3057 1233 3106; x_wconf 85' lang='lat' dir='ltr'>rea</span> <span class='ocrx_word' id='word_1_108' title='bbox 1258 3037 1395 3128; x_wconf 81' lang='lat' dir='ltr'>pariter</span> <span class='ocrx_word' id='word_1_109' title='bbox 1421 3047 1458 3106; x_wconf 87' lang='lat' dir='ltr'>et</span> <span class='ocrx_word' id='word_1_110' title='bbox 1480 3059 1604 3130; x_wconf 82' lang='lat' dir='ltr'>perso-</span> 
     </span>
     <span class='ocr_line' id='line_1_16' title="bbox 233 3137 1603 3230; baseline 0.001 -24"><span class='ocrx_word' id='word_1_111' title='bbox 233 3161 297 3208; x_wconf 89' lang='lat' dir='ltr'>nas</span> <span class='ocrx_word' id='word_1_112' title='bbox 323 3162 395 3208; x_wconf 89' lang='lat' dir='ltr'>non</span> <span class='ocrx_word' id='word_1_113' title='bbox 421 3137 631 3207; x_wconf 80' lang='lat' dir='ltr'>dubitarunt</span> <span class='ocrx_word' id='word_1_114' title='bbox 658 3151 853 3228; x_wconf 85' lang='lat' dir='ltr'>exponere.</span> <span class='ocrx_word' id='word_1_115' title='bbox 879 3161 951 3207; x_wconf 90' lang='lat' dir='ltr'>non</span> <span class='ocrx_word' id='word_1_116' title='bbox 978 3139 1093 3208; x_wconf 89' lang='lat' dir='ltr'>solum</span> <span class='ocrx_word' id='word_1_117' title='bbox 1120 3159 1162 3217; x_wconf 77' lang='lat' dir='ltr'>ea</span> <span class='ocrx_word' id='word_1_118' title='bbox 1189 3159 1260 3230; x_wconf 87' lang='lat' dir='ltr'>que</span> <span class='ocrx_word' id='word_1_119' title='bbox 1286 3137 1331 3206; x_wconf 88' lang='lat' dir='ltr'>ad</span> <span class='ocrx_word' id='word_1_120' title='bbox 1362 3139 1460 3230; x_wconf 85' lang='lat' dir='ltr'>ipsos</span> <span class='ocrx_word' id='word_1_121' title='bbox 1495 3141 1603 3230; x_wconf 87' lang='lat' dir='ltr'>perti-</span> 
     </span>
     <span class='ocr_line' id='line_1_17' title="bbox 232 3237 1603 3331; baseline 0.002 -24"><span class='ocrx_word' id='word_1_122' title='bbox 232 3249 328 3308; x_wconf 87' lang='lat' dir='ltr'>nent.</span> <span class='ocrx_word' id='word_1_123' title='bbox 345 3239 461 3306; x_wconf 85' lang='lat' dir='ltr'>libere</span> <span class='ocrx_word' id='word_1_124' title='bbox 487 3261 527 3307; x_wconf 85' lang='lat' dir='ltr'>ac</span> <span class='ocrx_word' id='word_1_125' title='bbox 549 3239 699 3330; x_wconf 87' lang='lat' dir='ltr'>pacifice</span> <span class='ocrx_word' id='word_1_126' title='bbox 726 3239 956 3307; x_wconf 87' lang='lat' dir='ltr'>dimittamus.</span> <span class='ocrx_word' id='word_1_127' title='bbox 993 3259 1120 3307; x_wconf 88' lang='lat' dir='ltr'>uerum</span> <span class='ocrx_word' id='word_1_128' title='bbox 1147 3240 1254 3308; x_wconf 88' lang='lat' dir='ltr'>etiam</span> <span class='ocrx_word' id='word_1_129' title='bbox 1280 3237 1408 3308; x_wconf 82' lang='lat' dir='ltr'>eadem</span> <span class='ocrx_word' id='word_1_130' title='bbox 1434 3263 1603 3331; x_wconf 77' lang='lat' dir='ltr'>augmen-</span> 
     </span>
     <span class='ocr_line' id='line_1_18' title="bbox 232 3337 1602 3430; baseline 0.004 -24"><span class='ocrx_word' id='word_1_131' title='bbox 232 3349 309 3407; x_wconf 84' lang='lat' dir='ltr'>tare</span> <span class='ocrx_word' id='word_1_132' title='bbox 343 3337 459 3430; x_wconf 71' lang='lat' dir='ltr'>Regia</span> <span class='ocrx_word' id='word_1_133' title='bbox 494 3338 738 3406; x_wconf 86' lang='lat' dir='ltr'>munificentia</span> <span class='ocrx_word' id='word_1_134' title='bbox 770 3339 987 3408; x_wconf 84' lang='lat' dir='ltr'>studeamus.</span> <span class='ocrx_word' id='word_1_135' title='bbox 1023 3349 1058 3406; x_wconf 88' lang='lat' dir='ltr'>et</span> <span class='ocrx_word' id='word_1_136' title='bbox 1089 3337 1166 3429; x_wconf 83' lang='lat' dir='ltr'>ipse</span> <span class='ocrx_word' id='word_1_137' title='bbox 1204 3339 1298 3406; x_wconf 88' lang='lat' dir='ltr'>ratio</span> <span class='ocrx_word' id='word_1_138' title='bbox 1333 3340 1538 3429; x_wconf 86' lang='lat' dir='ltr'>persuadet.</span> <span class='ocrx_word' id='word_1_139' title='bbox 1565 3353 1602 3412; x_wconf 86' lang='lat' dir='ltr'>at</span> 
     </span>
    </p>
   </div>
   <div class='ocr_carea' id='block_1_5' title="bbox 94 3435 1616 3554">
    <p class='ocr_par' dir='ltr' id='par_1_5' title="bbox 94 3435 1616 3554">
     <span class='ocr_line' id='line_1_19' title="bbox 94 3435 1616 3554; baseline 0.001 -44"><span class='ocrx_word' id='word_1_140' title='bbox 94 3503 97 3510; x_wconf 87' lang='lat'>.</span> <span class='ocrx_word' id='word_1_141' title='bbox 234 3437 475 3508; x_wconf 80' lang='lat' dir='ltr'>consideratio</span> <span class='ocrx_word' id='word_1_142' title='bbox 501 3437 614 3554; x_wconf 76' lang='lat' dir='ltr'>nostrj</span> <span class='ocrx_word' id='word_1_143' title='bbox 642 3438 840 3526; x_wconf 89' lang='lat' dir='ltr'>aduersarij</span> <span class='ocrx_word' id='word_1_144' title='bbox 867 3459 933 3506; x_wconf 84' lang='lat' dir='ltr'>nos</span> <span class='ocrx_word' id='word_1_145' title='bbox 958 3437 1109 3506; x_wconf 88' lang='lat' dir='ltr'>inducit.</span> <span class='ocrx_word' id='word_1_146' title='bbox 1138 3435 1199 3530; x_wconf 89' lang='lat' dir='ltr'>quj</span> <span class='ocrx_word' id='word_1_147' title='bbox 1223 3448 1374 3530; x_wconf 86' lang='lat' dir='ltr'>propter</span> <span class='ocrx_word' id='word_1_148' title='bbox 1397 3439 1492 3508; x_wconf 87' lang='lat' dir='ltr'>facta</span> <span class='ocrx_word' id='word_1_149' title='bbox 1518 3463 1600 3511; x_wconf 85' lang='lat' dir='ltr'>con</span> <span class='ocrx_word' id='word_1_150' title='bbox 1613 3495 1616 3501; x_wconf 82' lang='lat'>.</span> 
     </span>
    </p>
   </div>
   <div class='ocr_carea' id='block_1_6' title="bbox 183 3537 1602 4210">
    <p class='ocr_par' dir='ltr' id='par_1_6' title="bbox 232 3537 1602 3636">
     <span class='ocr_line' id='line_1_20' title="bbox 232 3537 1602 3636; baseline 0.003 -31"><span class='ocrx_word' id='word_1_151' title='bbox 232 3540 344 3606; x_wconf 86' lang='lat' dir='ltr'>traria</span> <span class='ocrx_word' id='word_1_152' title='bbox 344 3537 573 3636; x_wconf 83' lang='lat' dir='ltr'>prenotatis</span> <span class='ocrx_word' id='word_1_153' title='bbox 599 3537 855 3606; x_wconf 85' lang='lat' dir='ltr'>aduersitatem</span> <span class='ocrx_word' id='word_1_154' title='bbox 883 3539 1072 3606; x_wconf 79' lang='lat' dir='ltr'>hominum·</span> <span class='ocrx_word' id='word_1_155' title='bbox 1097 3549 1145 3606; x_wconf 82' lang='lat' dir='ltr'>st</span> <span class='ocrx_word' id='word_1_156' title='bbox 1158 3537 1328 3606; x_wconf 78' lang='lat' dir='ltr'>offensam</span> <span class='ocrx_word' id='word_1_157' title='bbox 1355 3539 1514 3608; x_wconf 86' lang='lat' dir='ltr'>diuinam</span> <span class='ocrx_word' id='word_1_158' title='bbox 1531 3561 1602 3610; x_wconf 87' lang='lat' dir='ltr'>me·</span> 
     </span>
    </p>

    <p class='ocr_par' dir='ltr' id='par_1_7' title="bbox 230 3635 1602 3733">
     <span class='ocr_line' id='line_1_21' title="bbox 230 3635 1602 3733; baseline 0.003 -29"><span class='ocrx_word' id='word_1_159' title='bbox 230 3639 304 3704; x_wconf 83' lang='lat' dir='ltr'>ruit</span> <span class='ocrx_word' id='word_1_160' title='bbox 330 3639 519 3705; x_wconf 87' lang='lat' dir='ltr'>sustinere.</span> <span class='ocrx_word' id='word_1_161' title='bbox 572 3639 802 3733; x_wconf 83' lang='lat' dir='ltr'>Quapropter</span> <span class='ocrx_word' id='word_1_162' title='bbox 826 3657 892 3708; x_wconf 86' lang='lat' dir='ltr'>nos</span> <span class='ocrx_word' id='word_1_163' title='bbox 910 3637 1123 3730; x_wconf 81' lang='lat' dir='ltr'>multiplicia</span> <span class='ocrx_word' id='word_1_164' title='bbox 1140 3647 1175 3706; x_wconf 87' lang='lat' dir='ltr'>et</span> <span class='ocrx_word' id='word_1_165' title='bbox 1190 3635 1320 3708; x_wconf 88' lang='lat' dir='ltr'>deuota</span> <span class='ocrx_word' id='word_1_166' title='bbox 1335 3639 1509 3732; x_wconf 88' lang='lat' dir='ltr'>obsequia</span> <span class='ocrx_word' id='word_1_167' title='bbox 1532 3663 1602 3732; x_wconf 90' lang='lat' dir='ltr'>que</span> 
     </span>
    </p>

    <p class='ocr_par' dir='ltr' id='par_1_8' title="bbox 232 3735 1601 3830">
     <span class='ocr_line' id='line_1_22' title="bbox 232 3735 1601 3830; baseline 0.004 -26"><span class='ocrx_word' id='word_1_168' title='bbox 232 3737 383 3805; x_wconf 87' lang='lat' dir='ltr'>dilectus</span> <span class='ocrx_word' id='word_1_169' title='bbox 410 3737 544 3806; x_wconf 84' lang='lat' dir='ltr'>amicus</span> <span class='ocrx_word' id='word_1_170' title='bbox 571 3746 695 3806; x_wconf 87' lang='lat' dir='ltr'>noster</span> <span class='ocrx_word' id='word_1_171' title='bbox 712 3735 864 3806; x_wconf 83' lang='lat' dir='ltr'>Slfridus</span> <span class='ocrx_word' id='word_1_172' title='bbox 879 3737 1179 3830; x_wconf 79' lang='lat' dir='ltr'>Archiepiscopus</span> <span class='ocrx_word' id='word_1_173' title='bbox 1193 3739 1426 3829; x_wconf 79' lang='lat' dir='ltr'>Maguntinus</span> <span class='ocrx_word' id='word_1_174' title='bbox 1450 3749 1487 3806; x_wconf 91' lang='lat' dir='ltr'>et</span> <span class='ocrx_word' id='word_1_175' title='bbox 1508 3741 1601 3830; x_wconf 82' lang='lat' dir='ltr'>Apo·</span> 
     </span>
    </p>

    <p class='ocr_par' dir='ltr' id='par_1_9' title="bbox 232 3835 1601 3929">
     <span class='ocr_line' id='line_1_23' title="bbox 232 3835 1601 3929; baseline 0.002 -25"><span class='ocrx_word' id='word_1_176' title='bbox 232 3838 355 3905; x_wconf 90' lang='lat' dir='ltr'>stolice</span> <span class='ocrx_word' id='word_1_177' title='bbox 381 3837 475 3906; x_wconf 86' lang='lat' dir='ltr'>sedis</span> <span class='ocrx_word' id='word_1_178' title='bbox 490 3839 646 3928; x_wconf 79' lang='lat' dir='ltr'>Legatus</span> <span class='ocrx_word' id='word_1_179' title='bbox 671 3835 776 3905; x_wconf 86' lang='lat' dir='ltr'>nobis</span> <span class='ocrx_word' id='word_1_180' title='bbox 803 3837 870 3905; x_wconf 87' lang='lat' dir='ltr'>sub</span> <span class='ocrx_word' id='word_1_181' title='bbox 896 3838 999 3929; x_wconf 80' lang='lat' dir='ltr'>grauj</span> <span class='ocrx_word' id='word_1_182' title='bbox 1027 3840 1191 3928; x_wconf 84' lang='lat' dir='ltr'>periculo</span> <span class='ocrx_word' id='word_1_183' title='bbox 1219 3849 1256 3906; x_wconf 89' lang='lat' dir='ltr'>et</span> <span class='ocrx_word' id='word_1_184' title='bbox 1270 3837 1397 3907; x_wconf 86' lang='lat' dir='ltr'>labore</span> <span class='ocrx_word' id='word_1_185' title='bbox 1418 3859 1459 3906; x_wconf 86' lang='lat' dir='ltr'>ac</span> <span class='ocrx_word' id='word_1_186' title='bbox 1474 3838 1601 3906; x_wconf 89' lang='lat' dir='ltr'>immo·</span> 
     </span>
    </p>

    <p class='ocr_par' dir='ltr' id='par_1_10' title="bbox 183 3935 1598 4029">
     <span class='ocr_line' id='line_1_24' title="bbox 183 3935 1598 4029; baseline 0 -26"><span class='ocrx_word' id='word_1_187' title='bbox 183 3950 184 3969; x_wconf 65' lang='lat'>¹</span> <span class='ocrx_word' id='word_1_188' title='bbox 232 3935 364 4004; x_wconf 83' lang='lat' dir='ltr'>demtis</span> <span class='ocrx_word' id='word_1_189' title='bbox 401 3937 604 4028; x_wconf 85' lang='lat' dir='ltr'>sumptibus</span> <span class='ocrx_word' id='word_1_190' title='bbox 640 3948 676 4004; x_wconf 85' lang='lat' dir='ltr'>et</span> <span class='ocrx_word' id='word_1_191' title='bbox 709 3937 878 4027; x_wconf 79' lang='lat' dir='ltr'>expensis</span> <span class='ocrx_word' id='word_1_192' title='bbox 910 3939 1085 4029; x_wconf 86' lang='lat' dir='ltr'>impendit</span> <span class='ocrx_word' id='word_1_193' title='bbox 1122 3937 1330 4029; x_wconf 78' lang='lat' dir='ltr'>diligentius</span> <span class='ocrx_word' id='word_1_194' title='bbox 1361 3935 1598 4016; x_wconf 76' lang='lat' dir='ltr'>attendentes.</span> 
     </span>
    </p>

    <p class='ocr_par' dir='ltr' id='par_1_11' title="bbox 231 4032 1601 4208">
     <span class='ocr_line' id='line_1_25' title="bbox 231 4032 1601 4204; baseline -0.002 -98"><span class='ocrx_word' id='word_1_195' title='bbox 231 4035 409 4106; x_wconf 81' lang='lat' dir='ltr'>uniuersis</span> <span class='ocrx_word' id='word_1_196' title='bbox 443 4038 548 4112; x_wconf 86' lang='lat' dir='ltr'>bonis</span> <span class='ocrx_word' id='word_1_197' title='bbox 574 4059 645 4130; x_wconf 86' lang='lat' dir='ltr'>que</span> <span class='ocrx_word' id='word_1_198' title='bbox 670 4032 729 4106; x_wconf 92' lang='lat' dir='ltr'>uel</span> <span class='ocrx_word' id='word_1_199' title='bbox 767 4037 1017 4204; x_wconf 79' lang='lat' dir='ltr'>progenitores</span> <span class='ocrx_word' id='word_1_200' title='bbox 1043 4036 1269 4128; x_wconf 66' lang='lat' dir='ltr'>nostriset</span> <span class='ocrx_word' id='word_1_201' title='bbox 1295 4037 1357 4128; x_wconf 84' lang='lat' dir='ltr'>alij</span> <span class='ocrx_word' id='word_1_202' title='bbox 1383 4034 1601 4128; x_wconf 79' lang='lat' dir='ltr'>quicumque</span> 
     </span>
     <span class='ocr_line' id='line_1_26' title="bbox 279 4147 1362 4210; baseline 0.006 -8"><span class='ocrx_word' id='word_1_203' title='bbox 279 4161 335 4202; x_wconf 82' lang='grc' dir='ltr'>ιιι</span> <span class='ocrx_word' id='word_1_204' title='bbox 337 4157 807 4209; x_wconf 49' lang='lat' dir='ltr'>matutam-attentem·</span> <span class='ocrx_word' id='word_1_205' title='bbox 854 4158 954 4210; x_wconf 83' lang='grc' dir='ltr'>ιιιιιι</span> <span class='ocrx_word' id='word_1_206' title='bbox 1272 4147 1362 4208; x_wconf 68' lang='lat' dir='ltr'>ut</span> 
     </span>
    </p>
   </div>
   <div class='ocr_carea' id='block_1_7' title="bbox 833 4337 1107 4480">
    <p class='ocr_par' dir='ltr' id='par_1_12' title="bbox 833 4337 1107 4480">
     <span class='ocr_line' id='line_1_27' title="bbox 833 4337 1107 4480; baseline 0.004 -33"><span class='ocrx_word' id='word_1_207' title='bbox 833 4337 1107 4480; x_wconf 82' lang='lat'>145795</span> 
     </span>
    </p>
   </div>
   <div class='ocr_carea' id='block_1_8' title="bbox 0 0 1940 4718">
    <p class='ocr_par' dir='ltr' id='par_1_13' title="bbox 0 0 1940 4718">
     <span class='ocr_line' id='line_1_28' title="bbox 0 0 1940 4718; baseline 0 4"><span class='ocrx_word' id='word_1_208' title='bbox 0 0 1940 4718; x_wconf 95' lang='lat' dir='ltr'> </span> 
     </span>
    </p>
   </div>
  </div>
 </body>
</html>
