3772 4722
658 329 925 426 subesse
985 386 1077 396 -

583 557 609 592 ⁸
668 559 1004 758 nccxu.'

317 885 411 944 Anno
442 891 535 947 1232.
588 880 824 980 meuseillsis.
876 882 962 964 opud
987 879 1120 944 Portum
1147 879 1278 945 Nacnis.

96 1071 354 1162 Fridericus
385 1075 436 1162 11.
473 1077 727 1191 imperator,
771 1075 826 1162 ad
859 1068 1172 1190 querimoniam
1201 1075 1488 1193 Herbipolen-
1504 1071 1527 1130 ’-

99 1195 159 1279 sis
206 1194 419 1308 episcopi,
463 1213 564 1280 tunc
602 1197 645 1280 iu
681 1193 868 1310 generali
900 1196 1019 1280 curia
1050 1225 1104 1278 ex
1135 1196 1340 1281 sententia
1369 1197 1489 1311 prin·

100 1313 255 1426 cipum
286 1311 509 1396 Albertum
542 1312 595 1396 de
626 1313 758 1396 Entsc
788 1311 1038 1426 proscribit,
1071 1341 1122 1395 eo
1153 1311 1270 1426 quod
1304 1333 1488 1401 castrum

101 1427 260 1533 Entse,
291 1428 345 1514 ad
375 1430 595 1516 ecclesiam
623 1428 979 1544 Herbipolensem
1010 1448 1218 1542 spectans,
1247 1429 1421 1516 absente
1444 1431 1488 1518 iu

229 1547 410 1632 servitiis
440 1548 609 1664 imperii
639 1548 865 1664 episcopo,
895 1546 1103 1634 violenter
1134 1549 1369 1663 occupavit.

99 1717 374 1860 Frfidericus]
401 1778 458 1848 dei
485 1782 601 1870 gretie
625 1740 872 1872 Romanorum
900 1783 1105 1874 Imperator
1136 1801 1280 1871 semper
1305 1785 1489 1870 Augustus
1607 1867 1613 1876 ι

102 1893 315 1960 Jerusalem
342 1903 377 1960 et
404 1895 526 1972 Sicilie
554 1899 640 1966 Rex.
694 1899 762 1967 Per
787 1917 936 1987 presens
964 1896 1144 1987 Scriptum
1179 1905 1306 1964 notum
1339 1894 1489 1964 lecimus

103 1992 291 2062 sniuersis
315 1995 460 2085 Imperii
485 1995 652 2065 fidelibus
677 2008 751 2066 tem
777 1997 1007 2113 presentibus
1041 2019 1149 2088 quern
1180 1994 1324 2062 futuris.
1383 1993 1491 2088 Quod

103 2093 229 2161 Nobis
255 2103 340 2183 sput
367 2098 513 2163 Portum
539 2091 676 2165 Neonis
702 2096 984 2166 existentibus
973 2119 1010 2164 ιιι
1043 2091 1234 2184 sollempni
1265 2094 1371 2161 Curis
1408 2116 1490 2162 con·

91 2202 264 2284 -gregets
290 2195 329 2260 H
360 2196 575 2265 venerabilis
600 2193 865 2300 herbipolensis
893 2195 1105 2288 episcopus,
1139 2194 1291 2262 dilectus
1317 2193 1490 2286 Princeps

104 2301 238 2361 nester
263 2295 519 2384 conquerendo
545 2291 749 2388 proposuit,
776 2292 874 2390 quod
901 2317 944 2364 eo
971 2297 1008 2365 in
1035 2295 1169 2366 nostris
1196 2295 1392 2384 etlmperii
1416 2317 1490 2363 ser·

105 2394 212 2461 uitiis
239 2393 413 2464 existente
439 2397 609 2465 Albertus
637 2397 681 2465 de
707 2399 816 2470 Entse
843 2398 1008 2464 Cestmm
1035 2397 1205 2465 deEntse
1230 2394 1275 2462 ed
1286 2395 1491 2475 ecclesium

108 2515 217 2562 suem
252 2507 436 2581 spectem,
476 2498 657 2566 uiolenter
690 2508 725 2566 et
758 2507 884 2569 contre
916 2495 1094 2569 iustici‘sm
1120 2492 1333 2586 occupauit.
1385 2495 1490 2588 Quod

106 2591 228 2686 quie
235 2591 350 2663 dictus
384 2591 601 2666 uenerabilis
633 2599 826 2692 episcopus
851 2597 957 2692 sicut
998 2597 1125 2666 debuit
1161 2599 1269 2686 plene
1306 2595 1492 2716 probauit,

110 2677 336 2784 Principum
360 2708 396 2764 et
430 2698 582 2766 eliorum
609 2700 819 2792 Magnetum
845 2699 997 2786 lmperii
1027 2699 1089 2788 qui
1123 2705 1314 2786 presentes
1342 2685 1494 2763 sterant

111 2794 342 2884 approbante
368 2799 553 2866 sentencie
578 2798 731 2867 eundem
756 2797 942 2865 elbertum
976 2793 1143 2864 duximus
1177 2791 1491 2885 proscribendum.

112 2893 170 2962 Ad
198 2895 303 2963 buius
327 2897 447 2988 iteque
474 2898 750 2986 proscriptionis
778 2895 989 2964 memorium
1016 2915 1164 2990 presens
1194 2893 1376 2983 Scriptum
1410 2891 1491 2960 fieri

112 2992 286 3063 iussimus
309 2996 506 3066 Maiestatis
534 3009 655 3066 nostre
684 2998 812 3088 Sigillo
838 2995 1028 3064 munitum.
1080 2980 1196 3064 Huius
1223 3004 1342 3063 eutem
1368 2991 1423 3060 rei
1443 3003 1493 3060 te·

113 3105 187 3162 eles
222 3103 326 3164 sunt:
377 3097 415 3166 B.
453 3099 658 3186 patriarche
689 3093 944 3190 aquilegensis.
996 3097 1036 3163 E
1070 3078 1396 3192 pepimbergensis.
1449 3088 1490 3162 8

115 3190 388 3312 Bentispopensis
422 3195 621 3288 Imperielis
660 3200 740 3265 sule
774 3194 1027 3264 Oencellsrius
1063 3205 1101 3262 et
1132 3196 1175 3262 Η.
1211 3190 1491 3262 Wocnrsciensis

116 3294 289 3411 episcopi
340 3293 588 3365 B.l{erinthie
614 3299 705 3365 Dux.
757 3295 947 3364 Gebsrdus
973 3295 1015 3364 de
1043 3280 1269 3384 Hemesteyn
1296 3273 1396 3360 Sacri
1426 3293 1493 3358 lm·
1604 3335 1607 3347 -

117 3394 210 3484 perii
252 3395 289 3462 in
324 3395 439 3466 Ytelie
470 3397 637 3488 Legatos.
697 3396 893 3482 Riccerdus
930 3396 1170 3463 Camerarius.
1230 3393 1492 3463 'l'ollenzsriue-

118 3489 339 3661 bperweldus
372 3495 683 3567 Triscemererius.
751 3474 940 3564 Heinricus
981 3495 1026 3562 de
1066 3504 1175 3586 porte
1207 3503 1243 3562 et
1280 3493 1342 3561 elii
1384 3513 1493 3584 quern

119 3617 252 3684 pitres.

217 3741 305 3818 Acte·
329 3757 412 3818 sunt
438 3754 505 3817 beo
531 3769 626 3817 enno
653 3746 838 3820 dominice
856 3749 1116 3820 incarnationis
1142 3698 1336 3816 blillesirnc
1361 3743 1492 3812 iussn
1611 3751 1613 3754 ’

120 3852 248 3920 tesimo
283 3850 481 3919 tricesimo
526 3849 684 3918 secundo
717 3851 849 3920 Mense
875 3851 984 3918 Meli·
997 3849 1125 3942 quinte
1156 3845 1376 3915 indictionis
1415 3841 1494 3932 lm

119 3959 268 4040 perinte
294 3945 446 4018 dominc
468 3958 594 4018 nostro
611 3948 845 4062 Fr(iderieo)·'
854 3949 1013 4024 secundo
1039 3949 1096 4018 dei
1123 3924 1495 4037 musinuistissim'e

1 4102 2 4108 ι
123 4047 367 4121 Romanorum
400 4055 621 4142 imperatore
657 4053 802 4143 semper
841 4061 1010 4145 augusto.
1063 4049 1291 4120 krussten
1303 4051 1339 4114 ct
1372 4037 1498 4110 Sicilie

287 4175 390 4222 teon
406 4175 469 4219 m
485 4185 571 4219 me
542 4171 689 4218 ωιιιιιιοιιι
739 4171 846 4218 mut
1233 4142 1286 4218 26
1568 4149 1572 4156 ’
