3746 4720
345 333 431 424 312
731 279 1316 466 Diplomets'lmpersttstuu

349 589 424 638 sam
450 561 667 655 Episcopum
695 571 731 631 ct
758 560 962 632 conradum
996 561 1039 632 de
1066 563 1264 634 Hohinuels
1299 561 1488 632 furtiuum
1509 567 1544 628 et
1579 525 1717 629 noctur·

348 689 435 736 num
474 683 723 754 aggressorem
751 663 803 729 ad
837 663 1074 751 excogitatam
1110 684 1235 730 necem
1272 663 1388 732 nostri
1414 660 1580 752 corporis
1606 653 1721 728 extitit

166 751 168 767 ¹
268 831 275 840 ,
347 775 604 856 procuratum,
633 759 917 830 misericorditer
943 760 1120 848 inclinati,
1146 761 1430 842 misericordiam
1451 761 1589 852 pocius,
1615 781 1720 850 quarn

349 865 521 933 iudicium
549 862 592 930 de
621 861 784 952 personis
811 870 846 928 et
873 861 980 928 rebus
1006 858 1164 929 eiusdem
1194 862 1364 946 ecclesie,
1391 882 1458 951 pro
1480 859 1538 948 dej
1556 879 1722 926 reueren-

328 953 409 1050 ¹tio,
439 963 499 1054 qui
525 983 596 1028 non
625 960 741 1027 nrinus
769 960 1053 1028 misericorditer
1078 983 1184 1052 quam
1206 961 1454 1029 miraculose
1443 985 1479 1026 ιιι
1499 959 1627 1039 eodem
1642 959 1720 1024 loco

348 1051 442 1150 tuerj
471 1063 587 1130 uoluit
612 1070 647 1127 et
673 1061 815 1133 saluare
841 1081 1059 1149 personam
1037 1051 1219 1128 nostram
1245 1062 1292 1128 ab
1317 1060 1455 1128 insidiis
1478 1068 1514 1126 et
1532 1054 1721 1126 insultibus

350 1159 598 1254 eorumdem
585 1158 815 1226 mimicorum
841 1170 1069 1245 nostrornm,
1104 1161 1205 1251 soqui
1230 1163 1421 1244 uolentes,
1455 1159 1574 1248 lpsum
1600 1175 1724 1222 mona·

351 1263 502 1332 merium
536 1279 617 1328 com
650 1259 815 1350 personis
849 1257 1030 1347 religiosis
1058 1209 1211 1328 domim
1246 1247 1662 1338 ibidemi'smulantrbus
1688 1265 1724 1321 et
1865 1305 1866 1346 ι

351 1361 519 1430 omnihus
544 1359 654 1440 bonis
677 1359 773 1440 eius,
792 1359 960 1446 exceptis
986 1355 1272 1444 VlricoAbhate
1298 1357 1429 1450 etjllis
1454 1355 1620 1447 personis
1650 1375 1734 1446 que,

352 1459 519 1551 supplieij
546 1469 582 1527 et
609 1458 785 1528 interitus
802 1455 916 1572 nostrj
944 1457 1123 1572 coniuratj
1148 1457 1364 1554 participes,
1393 1467 1432 1526 et
1456 1454 1724 1546 conspiratores

351 1559 566 1645 extiterant,
595 1557 660 1624 sub
687 1565 809 1625 nostra
834 1566 870 1622 et
898 1555 1041 1645 imperij
1068 1559 1295 1646 protectione
1322 1580 1363 1625 sc
1389 1555 1597 1623 defensione
1624 1574 1723 1620 rece·

349 1659 470 1749 pimus
497 1651 663 1749 specialj.
709 1655 912 1722 statuentes
937 1677 1079 1724 exnunc
1106 1665 1142 1722 et
1162 1655 1313 1749 firmiter
1328 1657 1532 1724 inhibentes
1550 1665 1725 1768 perpetua

352 1754 596 1840 inhihicione,
623 1741 799 1846 quatenus
813 1747 944 1821 nullus
970 1754 1015 1822 sit
1040 1755 1101 1845 qui
1126 1739 1289 1852 'propter
1306 1755 1503 1846 predictam
1529 1773 1661 1822 noxam
1688 1751 1725 1818 in
1757 1815 1766 1829 ,

353 1803 611 1925 detrimentum
645 1859 799 1944 persono
831 1860 953 1920 nostre
978 1852 1214 1942 conmissum,
1252 1845 1432 1944 prefatum
1469 1851 1726 1922 monasterium

354 1975 437 2024 oum
463 1955 629 2044 personis
655 1963 704 2026 et
716 1951 882 2028 omnibus
900 1951 1015 2028 bonis
1031 1955 1114 2030 suis
1140 1955 1331 2026 stabilibus
1356 1964 1393 2024 et
1418 1952 1613 2024 mobilibus
1635 1951 1727 2022 sicut

352 2053 555 2147 predictum
579 2062 644 2142 est,
665 2052 845 2142 offendere
863 2046 1087 2144 aliquatenus
1105 2055 1163 2122 uei
1184 2056 1375 2130 molestare
1390 2060 1584 2148 presumat.
1620 2049 1727 2144 Quod

354 2156 417 2247 qui
445 2153 704 2253 presumpserit
729 2153 1026 2262 indignacionem
1046 2142 1283 2252 Imperislem
1298 2163 1333 2223 et
1357 2165 1518 2246 nostram
1545 2173 1583 2220 se
1617 2170 1726 2218 noue-

352 2257 402 2323 rit
427 2255 669 2322 incursurum.
722 2251 849 2320 Preter
872 2254 1003 2342 penam
1029 2275 1135 2344 quarn
1154 2253 1424 2350 transgressori
1451 2235 1611 2321 eiusdem
1628 2271 1728 2318 man·

304 2369 307 2375 ·
354 2352 428 2440 dstj
456 2351 567 2420 nostri
595 2351 758 2440 intligere
784 2352 941 2420 uoluerit
967 2343 1178 2422 excellentia
1203 2361 1344 2440 nostra,
1379 2373 1443 2424 seu
1475 2348 1605 2444 aliquis
1638 2350 1728 2420 alius

355 2451 529 2520 heredum
557 2459 592 2518 et
617 2471 864 2521 successorum
891 2459 1110 2522 nostrorum.
1162 2455 1214 2522 lta
1240 2463 1359 2522 tamen
1387 2452 1484 2545 quod
1510 2451 1639 2520 domus
1669 2449 1730 2518 illa

357 2551 395 2618 in
422 2571 492 2643 qua
519 2571 564 2619 ex
590 2549 730 2641 prefato
756 2550 1046 2620 machinamento
1072 2563 1337 2644 proposuerant
1353 2549 1581 2622 irreuocahili
1600 2570 1731 2642 propo·

357 2649 427 2721 sito
452 2649 595 2742 prefatj.
647 2651 816 2721 hibertus
843 2647 958 2721 dietus
983 2650 1209 2743 Episcopus„
1238 2651 1422 2722 conradus
1457 2651 1507 2745 de,
1534 2649 1730 2734 Hohinvels
1821 2682 1826 2691 ·

358 2761 394 2822 et
419 2752 561 2818 Vtricus
587 2749 698 2818 abbss
724 2749 884 2820 eiusdem
910 2749 980 2840 locj
1009 2771 1200 2844 personam
1225 2764 1385 2823 nostram
1410 2751 1538 2825 mortis
1553 2748 1730 2844 supplicio

357 2847 569 2936 tradidisse,
595 2849 695 2940 dirui·
717 2850 847 2926 debent
871 2849 1051 2937 funditus,
1079 2875 1123 2922 ne
1150 2853 1306 2945 parietes
1331 2851 1444 2944 ipsius
1470 2849 1597 2918 domus
1621 2845 1729 2936 iedatj

357 2960 394 3018 et
426 2949 564 3041 perfusi
600 2971 729 3018 cruore
765 2949 1025 3018 dormientium
1060 2962 1144 3020 tuno
1179 2951 1352 3044 temporis
1383 2973 1504 3020 coram
1529 2949 1635 3018 nohis
1661 2967 1730 3039 pro

360 3049 524 3118 custodia
558 3069 712 3144 persone
745 3058 886 3133 nostre,
925 3049 987 3139 qui
1021 3070 1089 3138 pro
1115 3051 1239 3120 salutis
1265 3059 1387 3120 nostre
1414 3045 1625 3130 defensione
1652 3071 1730 3115 san·

360 3147 506 3238 guinem
533 3165 637 3214 suum
663 3145 873 3226 fundentes,
914 3156 1070 3214 mortem
1103 3159 1336 3239 spontaneam
1363 3151 1553 3220 subierunt
1568 3147 1730 3241 'amplius

357 3246 396 3312 in
424 3245 552 3313 eodem
577 3244 661 3310 loco
686 3244 831 3310 ualeant
851 3245 1067 3333 repperiri·
1094 3249 1278 3316 Tenentur
1291 3251 1442 3339 insuper
1457 3247 1732 3332 monachicius·

361 3345 442 3412 dem
470 3341 679 3431 monasterii
707 3362 752 3409 ex
774 3353 878 3434 paeto
904 3344 1007 3412 firme
1034 3347 1284 3436 promissionis
1310 3345 1432 3417 habite
1467 3367 1588 3418 coram
1624 3346 1728 3416 nobis

359 3443 587 3535 presentibus
614 3439 755 3512 Ottone.
807 3441 944 3510 Gemite
970 3445 1130 3534 polesino
1148 3449 1246 3517 'lieni
1282 3447 1372 3516 duce
1399 3447 1563 3518 Bawarie
1597 3445 1727 3514 dilecto

359 3542 524 3634 principe
550 3549 587 3607 et
613 3561 741 3611 socero
763 3547 800 3608 et
827 3541 1024 3612 budewico
1049 3543 1236 3633 filiosuo,
1275 3546 1406 3616 dilecto
1438 3547 1556 3614 leniro
1590 3557 1726 3631 nostro,

363 3643 496 3712 Ottone
515 3639 723 3708 marchione
743 3639 787 3708 de
805 3642 1017 3711 Hohinburc
1034 3644 1164 3716 dilecto
1181 3648 1448 3738 consanguineo
1462 3647 1602 3726 ndstro,
1626 3645 1730 3712 llein·

360 3741 439 3808 rico
465 3739 672 3808 marchione
697 3740 742 3808 de
768 3739 968 3830 Burgowe,
1000 3745 1198 3816 nudewieo
1232 3747 1377 3816 seniore
1403 3747 1536 3816 comite
1561 3743 1607 3812 de
1635 3743 1730 3812 Otin-

361 3860 451 3930 gen,
485 3835 653 3908 Gotsrido
686 3839 730 3908 de
756 3841 962 3910 Hohinloch
985 3853 1023 3911 et
1048 3845 1127 3913 eliis
1153 3845 1367 3916 consiliariis
1399 3845 1551 3931 nostris,
1589 3863 1728 3914 necnon

360 3938 511 4005 ciuibus
534 3933 875 4029 Ratisponessibus,
911 3942 1044 4030 quod
1033 3967 1071 4009 m
1097 3943 1222 4014 ecdem
1246 3947 1329 4014 ioco
1355 3945 1417 4014 ubi
1445 3946 1618 4014 hactenus
1643 3943 1728 4012 exti-

357 4045 451 4105 terat
473 4035 602 4114 domus
628 4038 834 4130 perdiconis
857 4041 1106 4134 (perditionis)
1130 4055 1255 4128 nostre
1280 4053 1493 4116 construere
1518 4041 1653 4113 dehent
1691 4049 1725 4108 et

1581 4139 1721 4232 erigere
