3864 4728
938 301 1203 394 Authentica.
1218 413 1229 424 ῃ

418 558 421 564 ’
533 551 610 614 Das,
637 555 718 608 erste
752 541 876 607 enthilt
908 541 980 604 eine
1013 561 1055 604 an
1083 541 1198 621 Felseu
1225 534 1443 626 eufsteigende
1470 535 1595 600 Hindin
1624 535 1684 602 mit
1708 539 1761 602 der

533 643 733 709 Umschrilts
768 645 801 710 S.
827 641 1014 708 Chalhoch..
1041 641 1079 703 de
1105 662 1192 714 .....;
1233 641 1286 702 das
1312 639 1424 702 nweite
1449 639 1484 700 in
1511 639 1617 702 einem
1643 639 1763 703 demes·

533 748 635 808 eirten
663 743 759 807 Felde
793 743 887 830 einen
923 741 1142 828 schriqrechts
1176 739 1344 827 gestellten
1378 737 1532 813 Bellen,
1562 736 1670 824 belegt
1703 740 1762 800 mit
1902 767 1903 772 ¹

533 847 600 909 drei
628 840 831 928 einkiipligen
857 841 997 930 Adlern,
1034 841 1092 905 mit
1117 841 1172 903 der
1197 836 1394 902 Umschriftz
1419 836 1574 924 Sigillum
1602 837 1763 920 Rudolphi
1871 862 1874 871 ·
1901 863 1903 930 }

535 947 573 1007 de
599 939 787 1016 Ebersdorf,
829 942 896 1003 und
936 942 989 1003 das
1023 940 1130 1004 dritte
1149 941 1202 1002 ein
1239 936 1504 1026 sufspringendes
1531 935 1680 1001 Eiuhcrn
1707 939 1764 1001 mit

534 1031 589 1109 der
612 1039 812 1107 Umschrifts
839 1041 871 1104 8.
897 1039 1063 1104 Remberti
1089 1041 1127 1104 de
1152 1036 1327 1104 Ebenstorf.

861 1269 1242 1410 ,ccxxxru

384 1499 629 1590 Fridericus
660 1497 854 1615 pulcher,
884 1498 1081 1585 Austriae
1100 1492 1203 1603 dux,
1235 1497 1472 1604 confirmat,
1503 1527 1613 1613 quae
1630 1499 1763 1586 Bern-

385 1620 544 1704 hardus
589 1619 812 1753 episcopus
860 1634 901 1700 et
943 1615 1062 1700 ducis
1112 1619 1368 1702 camerarius
1414 1616 1678 1712 Chalhohus
1714 1617 1763 1703 de

376 1733 631 1820 'Eborsdorl
672 1759 838 1818 necnon
877 1730 1005 1816 abhas
1048 1731 1178 1817 cellae
1215 1734 1465 1848 angelorum
1495 1753 1536 1819 et
1566 1733 1763 1850 Brigitte,

388 1851 599 1938 Chalhohi
628 1848 736 1954 filia,
776 1845 948 1934 Rudolfi
980 1847 1032 1933 de
1061 1850 1296 1936 Prambach
1324 1850 1478 1956 vidua,
1518 1851 1763 1965 disposuere

488 1970 539 2052 do
569 1969 761 2083 passagio
791 1965 835 2051 in
864 1960 1078 2051 Alhereck
1113 1986 1154 2053 et
1184 1967 1237 2053 de
1267 1968 1365 2055 villa
1396 1967 1660 2056 Ruzendorf.

768 2168 925 2238 Viennae.
957 2165 1049 2237 1306.
1115 2183 1165 2238 tr
1192 2170 1384 2236 November

384 2257 485 2392 Nos
520 2314 737 2410 fridericus
770 2319 828 2390 dei
860 2320 977 2411 gratia
1013 2320 1087 2390 duis
1119 2323 1253 2390 austrie
1281 2333 1318 2392 et
1342 2279 1463 2414 8ι3ιίο
1489 2320 1657 2393 dominus
1685 2321 1761 2390 Cur·
1829 2407 1833 2416 Δ
1901 2337 1903 2348 “

385 2436 484 2502 niolo
511 2433 672 2502 lllerchie
707 2443 742 2502 et
766 2445 894 2526 portus
920 2433 1065 2517 neonis,
1101 2455 1168 2523 per
1193 2433 1376 2527 presentia
1401 2435 1634 2524 confitemur,
1672 2435 1762 2530 quod

385 2533 538 2602 dilectus
565 2529 683 2601 fidelis
700 2531 939 2615 chartolam,
963 2533 1011 2604 de
1026 2527 1249 2626 Eberstorf
1258 2530 1506 2614 Camerarius
1520 2548 1658 2621 noster,
1685 2558 1762 2604 eon·

312 2657 318 2670 ·
388 2633 561 2701 ditionem
590 2655 690 2701 susm
716 2633 753 2702 in
779 2637 846 2702 hec
868 2645 995 2723 parte,
1028 2631 1215 2702 meliorem
1237 2638 1363 2704 volens
1386 2635 1529 2723 fecere,
1567 2635 1762 2705 venerabili

386 2735 499 2844 patri,
527 2734 675 2802 domino
702 2735 919 2804 wesulmrdo
945 2733 1146 2803 Petauiensi
1172 2735 1385 2849 Episcopo,
1409 2733 1634 2828 passagium
1658 2754 1762 2804 suum

387 2831 427 2901 ιἰι
458 2830 672 2917 Alberaclr,
708 2843 746 2901 et
763 2830 887 2903 nillum
907 2853 1019 2904 suam
1040 2829 1079 2902 in
1096 2828 1406 2928 szandorf,1n
1434 2833 1578 2924 quibus
1589 2835 1695 2904 nobis
1719 2833 1763 2901 di·

387 2943 529 3000 rectum
556 2931 755 3005 dominium
782 2935 968 3048 competit,
992 2955 1060 3024 pro
1086 2933 1267 3019 trecentis,
1295 2943 1331 3001 et
1356 2934 1505 3024 triginta
1531 2935 1686 3030 talentis,
1710 2933 1762 3002 de·

387 3029 575 3101 uariorum
608 3031 871 3100 wiennensium
907 3029 1102 3123 obligauit,
1138 3033 1187 3098 ita
1221 3033 1318 3122 quod
1343 3034 1529 3123 predictus
1556 3025 1761 3124 Episcopus,

389 3131 446 3199 vel
474 3151 518 3199 eo
544 3130 643 3219 quod
669 3129 763 3196 obsit
789 3129 997 3216 decedente,
1021 3132 1143 3199 Aunes
1166 3141 1202 3198 et
1228 3133 1433 3201 conuentus
1451 3129 1760 3226 CelleAngeIr'ce,

389 3229 525 3298 dictum
552 3226 779 3315 Pnsssgium,
806 3249 890 3297 cnm
915 3231 1001 3297 villu
1024 3229 1249 3314 szendorf,
1273 3241 1409 3318 tenere,
1436 3242 1471 3300 et
1496 3231 1681 3323 possidere
1705 3232 1760 3300 de·

388 3327 516 3413 beent,
551 3347 740 3418 quousque
773 3323 816 3396 de
850 3326 1036 3399 fructibus
1060 3339 1098 3398 et
1131 3327 1370 3419 presentibus
1395 3332 1542 3400 illorum
1565 3333 1761 3424 percipiant

387 3438 526 3496 sortem
552 3423 662 3493 debiti
690 3427 912 3542 principalis.
961 3432 1006 3496 Et
1031 3431 1101 3498 hoc
1128 3429 1241 3515 facto,
1277 3431 1416 3521 Briglta
1440 3430 1526 3499 dieti
1553 3430 1759 3502 ltalhohifi·

386 3527 455 3612 lia,
488 3536 524 3594 et
548 3527 651 3616 pueri
679 3526 773 3614 eius,
800 3550 866 3618 per
889 3527 1082 3596 liudolfum
1111 3529 1155 3597 de
1184 3523 1424 3623 Prampaclr,
1450 3532 1555 3602 beste
1580 3531 1757 3613 memorie,

387 3647 434 3693 ex
470 3647 512 3693 en
545 3628 718 3714 generati.
778 3629 908 3696 Villam
935 3628 1149 3698 szendori
1185 3630 1293 3698 titulo
1327 3631 1489 3746 pigporis
1524 3631 1698 3700 tenebunt
1726 3639 1758 3710 et

386 3723 635 3814 possidebunt.
660 3745 868 3818 quousque,
905 3727 1023 3797 dictus
1050 3730 1255 3814 ltulhohus,
1285 3731 1342 3798 vel
1369 3729 1446 3799 eius
1471 3730 1648 3820 heredes,
1685 3749 1755 3799 eam

387 3822 567 3892 redimant
592 3843 660 3914 pro
684 3824 870 3896 Trecentis
897 3827 1046 3918 triginta
1071 3827 1235 3913 talentis,
1260 3828 1580 3919 wiennensibuc,
1569 3853 1606 3898 m
1631 3829 1755 3943 quibqs

385 3919 465 4010 ipse
491 3925 692 4012 Halmius,
728 3925 824 3996 dicte
848 3927 923 3996 filie
949 3950 1030 4013 sue,
1070 3949 1112 3996 aa
1137 3927 1260 4016 pueris
1286 3925 1382 4017 eius,
1422 3947 1599 3999 excausa
1624 3927 1755 4014 mutuj,

386 4019 566 4115 obligatos
592 4023 669 4096 fuit
694 4037 805 4119 prout
830 4029 898 4097 hec
923 4028 1044 4098 omnia
1068 4026 1105 4095 in
1131 4027 1265 4114 luens,
1302 4028 1431 4100 exinde
1456 4029 1650 4120 confectis,
1682 4047 1756 4122 pre·
