3746 4720
379 285 467 388 sto
713 289 959 405 Diplomate
986 285 1093 374 falsa
1121 305 1163 374 et
1188 289 1405 405 rescripta

286 590 287 600 κ
378 529 459 616 sub
482 557 559 617 sue
590 544 633 612 et
657 503 955 617 successorum
981 547 1159 610 suorum
1189 521 1437 612 defensione
1466 531 1737 638 constituisse,

551 663 594 732 et
623 643 869 732 omnimoda
899 641 1167 750 exemptione
1198 640 1377 730 donasse
1406 643 1571 732 dieitur.

373 847 502 980 Dete
521 909 624 977 Anno
640 905 688 976 ab
702 901 950 1004 incer'nstione
974 902 1113 974 domiui
1130 902 1195 970 dcc
1215 901 1327 970 lxxiii
1355 901 1550 976 indictione
1566 910 1615 978 xi.
1643 889 1738 980 Anno

374 1045 462 1094 vero
497 1022 603 1112 regni
633 1021 787 1114 piissimi
821 1020 945 1090 Raroli
977 1019 1035 1090 v1.
1071 1017 1214 1109 imperii
1239 1019 1372 1109 primo.
1428 1023 1554 1090 Actum
1582 1045 1682 1094 roure
1707 1029 1740 1096 in

375 1132 499 1194 sancto
525 1121 584 1192 die
608 1145 737 1213 pseeee
764 1123 801 1190 in
835 1119 1007 1190 aecclesie
1041 1116 1154 1187 sancti
1188 1119 1282 1208 petri
1317 1139 1437 1188 eorem
1471 1122 1622 1193 adriano
1654 1147 1741 1222 papa

374 1235 410 1293 ct
432 1223 554 1294 multis
581 1223 659 1292 aliis
682 1221 910 1315 principibus
935 1221 973 1289 in
1000 1219 1058 1287 dei
1083 1219 1227 1290 nomine
1255 1217 1410 1288 feliciter
1435 1223 1558 1292 Amen.

428 1489 470 1562 Ιζα)
497 1478 651 1570 Sigillum
679 1477 757 1542 olim
784 1482 977 1561 impressum
1004 1477 1111 1560 periit.
1124 1535 1135 1564 Ι
1163 1479 1280 1539 Forma
1305 1473 1424 1562 sigilli,
1457 1490 1551 1559 prout
1575 1478 1609 1540 in
1645 1491 1739 1546 usus·

394 1657 398 1668 ⁵
497 1590 625 1662 sumpto
652 1579 899 1642 ottenburensis
925 1578 1047 1642 abbatis
1073 1599 1123 1640 an.
1156 1574 1240 1644 146⁸
1275 1575 1481 1640 describitur:
1514 1579 1650 1667 imago
1682 1581 1738 1644 bo·
1868 1649 1870 1670 .

420 1691 424 1696 '
497 1681 645 1754 ininis,
674 1679 856 1760 suspicione
888 1699 959 1740 uon.
991 1690 1083 1741 caret.
1140 1678 1265 1740 Adsunt
1296 1687 1404 1740 autem
1438 1677 1671 1762 suppositionis
1695 1702 1739 1744 er·
1869 1679 1870 1702 ³

496 1790 649 1865 gumeutc
674 1799 770 1860 quern
796 1777 948 1840 niaxims.

441 1931 470 2016 b)
497 1937 571 1997 Non
597 1953 760 1995 moramur
784 1928 1046 1994 anachronismus
1079 1930 1143 1994 iem
1177 1931 1216 1992 ab
1255 1931 1426 1996 editoribus
1460 1953 1500 1995 ex
1533 1917 1737 2018 l'apeprochii
1868 1919 1870 1998 f

498 2052 631 2097 censura
655 2033 690 2094 in
718 2032 794 2098 sctis
829 2033 1018 2094 Sanctorum
1052 2031 1146 2121 Toni,
1177 2031 1234 2114 Ill.
1269 2033 1359 2114 April
1393 2053 1424 2114 p.
1461 2045 1531 2116 292.
1562 2035 1737 2118 patefactos,

495 2134 645 2216 repetitos
668 2155 687 2193 n
713 2131 895 2209 Tentzelio,
919 2129 1094 2220 Wegelino
1127 2144 1158 2194 et
1190 2133 1280 2208 oliis3
1315 2135 1370 2196 sed
1403 2133 1607 2200 manifestem
1643 2135 1737 2202 fictio

496 2255 571 2298 nem
597 2233 758 2296 innuunt:
783 2235 814 2294 1⁰
834 2233 923 2296 locus
948 2231 1047 2296 falsus
1074 2231 1175 2322 sigilli
1199 2232 1234 2294 in
1262 2233 1366 2296 medio
1392 2247 1579 2308 contextum
1612 2235 1660 2298 11⁰
1684 2262 1735 2301 nc·

494 2337 573 2397 vites
599 2333 791 2415 scripturae,
828 2333 987 2395 imitantis
1021 2332 1215 2394 characteres
1248 2332 1426 2396 litterarum
1462 2335 1582 2397 soeculi
1617 2339 1663 2422 lX
1687 2351 1736 2401 snt

494 2437 541 2508 X,
569 2454 668 2496 menn
694 2444 799 2495 sutem
826 2431 995 2495 imitatoris
1028 2431 1090 2496 sibi
1121 2432 1207 2494 haud
1241 2445 1423 2508 constante,
1459 2435 1565 2518 potius
1602 2426 1655 2498 e?
1674 2460 1735 2504 sse

495 2533 567 2595 culo
593 2531 654 2593 XII
680 2531 803 2608 medic;
828 2532 890 2593 111⁰
914 2553 953 2594 ex
979 2551 1014 2593 eo
1042 2533 1135 2595 etiem
1163 2533 1268 2613 prime
1294 2535 1363 2596 rice
1393 2535 1454 2595 hoc
1485 2534 1733 2602 instrumentum

494 2633 630 2696 habetur
654 2631 810 2694 insertum
846 2631 947 2694 codici
983 2631 1231 2712 Campidcuensi
1264 2634 1511 2716 antiquissimo,
1537 2649 1627 2700 extra
1660 2639 1736 2700 ordi·

494 2757 568 2796 uem
595 2743 701 2795 eutem
727 2731 899 2812 scriptum,
926 2752 999 2794 cum
1025 2732 1151 2814 reliqua
1174 2733 1388 2796 instrumenta
1416 2737 1523 2798 omnia
1549 2734 1624 2798 fidei
1644 2738 1735 2804 bisto-

494 2835 577 2897 rieac
604 2835 822 2896 consentanea
842 2831 917 2894 sint.
1341 2839 1349 2848 ‘

441 2997 466 3066 c)
494 2989 595 3049 Notas
621 2983 864 3070 chronologicus
890 3003 951 3047 nec
975 2982 1039 3046 sibi
1063 3004 1123 3048 uec
1148 2984 1300 3048 historias
1326 2988 1536 3064 concordant,
1563 2989 1664 3054 immo
1681 2993 1734 3056 lal-

493 3107 544 3150 sce
571 3080 660 3146 sunt.
710 3083 903 3168 Membrana
935 3095 1082 3166 corrupta
1107 3103 1125 3146 e
1151 3083 1277 3148 falsario
1311 3087 1451 3148 adhibite
1486 3108 1525 3151 ex
1557 3093 1734 3156 seeculcll

495 3203 562 3246 esse
589 3181 725 3245 videtur.

433 3341 465 3417 d)
493 3299 622 3398 Edituiu
649 3331 774 3416 saepius
799 3306 979 3420 legitui‘in
1014 3335 1117 3399 crusii
1142 3339 1259 3400 Anncl.
1285 3321 1381 3402 duct.
1409 3341 1483 3405 Pars
1511 3345 1534 3404 l.
1576 3345 1597 3405 l.
1631 3357 1680 3412 12.
1707 3367 1729 3408 c.

395 3451 400 3461 .
489 3449 525 3503 2·
553 3457 623 3521 pag,
660 3443 740 3510 5183
762 3435 884 3530 -biinig
917 3435 1058 3524 spicileg.
1092 3437 1169 3503 cccl.
1205 3435 1261 3500 lli.
1302 3435 1379 3520 1693
1413 3431 1447 3502 iu
1478 3442 1605 3524 scriptis
1639 3446 1728 3509 etism

437 3557 440 3562 ·
493 3525 818 3616 iuridici-polemicis
845 3535 1005 3618 Tentzelii
1029 3537 1181 3602 vindiciis
1213 3539 1285 3601 hist.
1311 3559 1367 3620 pro
1395 3541 1435 3601 H.
1468 3543 1638 3630 Contingii
1664 3567 1729 3609 cen·

493 3657 566 3701 sum
591 3635 728 3716 append.
754 3637 803 3698 111
828 3635 893 3701 obs.
920 3654 952 3718 p.
980 3644 1039 3714 te,
1065 3637 1202 3705 Griindl.
1227 3635 1438 3727 Ausfiihruug
1454 3643 1510 3704 der
1530 3643 1730 3712 Reiehsstsdt

493 3739 651 3816 ltemptcn
676 3755 778 3823 gegen
805 3735 1045 3802 transetum
1077 3739 1234 3821 lterupteu
1268 3759 1321 3803 sn.
1360 3753 1453 3806 1:⁹³1.
1489 3763 1559 3826 epp.
1597 3765 1627 3826 p.
1659 3759 1736 3819 tte

442 3875 447 3904 2
473 3829 825 3924 ‘negotiarentur
853 3839 990 3904 sterias
1015 3839 1107 3920 Totn.
1136 3839 1188 3900 tv.
1220 3849 1351 3925 pineti.
