3864 4728
691 339 840 455 episc.
870 356 1006 456 petav.
1183 339 1191 362 ‘
1280 297 1283 312 Ι
1492 344 1544 432 51
1629 363 1641 434 Γ

179 549 285 661 quam¹
311 567 478 640 dominns
503 579 539 642 et
564 525 728 662 reluctor
750 571 874 642 mundi
900 573 958 642 dei
983 571 1089 656 lilius,
1117 571 1226 640 homo
1252 565 1381 656 laetus,
1408 591 1453 640 ex
1480 564 1552 642 uir‘·

175 672 257 783 gine
283 681 407 755 natus,
446 689 638 762 eggressus
665 682 701 740 ιι
726 695 933 764 regressus,
970 670 1206 742 sanctificanit
1231 668 1346 759 signis
1371 679 1407 739 et
1432 675 1552 762 prodi·

175 768 266 857 gije,
306 791 347 840 ac
380 771 602 842 sanctissime
636 774 911 843 connereetione
937 771 1206 863 imperpetuum
1232 789 1299 840 suo
1323 770 1468 840 nominc
1495 773 1553 841 de·

173 863 317 960 dicauit.
369 871 408 936 ln
436 892 509 960 qna
532 871 641 940 dumo
667 871 724 940 dei
751 883 867 940 mater
890 872 996 962 uirgo
1023 873 1252 954 immaculata
1278 873 1551 958 postasceneic-

174 990 255 1036 nem
291 967 414 1040 dilecti
441 970 503 1058 lilij
531 971 604 1054 eui,
638 989 876 1061 perseuerans
901 972 1030 1040 mansit
1056 971 1158 1038 annis
1183 967 1299 1038 tribus
1326 979 1362 1036 et
1389 959 1550 1040 dimidio.

172 1069 252 1162 Quo
289 1068 432 1136 eliam'
422 1091 458 1136 ιιι
485 1072 567 1140 loco
594 1069 842 1142 commendata
868 1083 921 1142 ιιι
946 1070 1078 1161 uirgini
1106 1071 1223 1160 uirgo
1286 1070 1396 1137 Cuius
1423 1069 1551 1142 domus

171 1167 232 1258 qui
269 1167 532 1238 fraternitatem
572 1167 1211 1262 communionem.participationem
1237 1165 1449 1254 habuerint,
1484 1173 1551 1238 hos
1643 1173 1645 1176 ’

171 1276 206 1332 et
232 1287 357 1338 omnes
383 1268 478 1338 illius
505 1270 574 1338 loci
601 1272 746 1338 nuntios
774 1269 882 1361 digne
908 1269 1155 1354 uenerandoe,
1195 1278 1235 1336 ιιι
1260 1290 1348 1338 uere
1373 1269 1468 1336 filios
1493 1270 1552 1338 dci

169 1365 361 1450 amandos,
403 1368 601 1438 clementer
635 1371 859 1461 receperint,
899 1370 1056 1460 benigne
1091 1369 1251 1436 iouerint
1285 1379 1320 1436 et
1344 1369 1552 1440 clemosinis

170 1465 390 1554 transitoriis
426 1489 495 1558 pro
536 1470 649 1538 salute
683 1467 884 1538 animarum
910 1491 1055 1539 suarum
1084 1467 1279 1537 ditsuerint
1304 1465 1552 1536 indubitanter

169 1565 284 1636 scient
320 1565 548 1639 incremendo
586 1567 741 1648 iudicio,
783 1569 820 1652 in
854 1590 1010 1659 superna
1035 1567 1252 1636 iherusalem
1279 1589 1350 1658 qus
1376 1578 1431 1637 eet
1455 1568 1551 1636 nisio
1594 1585 1598 1600 ’

168 1665 287 1754 pecie,
326 1685 407 1733 cum
441 1667 580 1760 angelis
605 1675 641 1734 ιι
666 1688 748 1736 cum
774 1669 942 1740 omnibus
970 1667 1103 1739 sanctis
1129 1689 1167 1736 ee
1196 1665 1403 1734 eternaliter
1427 1689 1552 1759 regna·

168 1776 282 1850 turos,
308 1765 482 1843 etlilium
507 1767 565 1835 dei
591 1788 663 1834 non
689 1768 727 1838 in
752 1771 898 1858 speculo
926 1779 962 1838 ιι
987 1768 1179 1860 enigmate,
1205 1765 1268 1836 sed
1294 1785 1376 1834 cum
1403 1767 1440 1832 in
1468 1767 1551 1836 dex-

168 1874 246 1932 tera
281 1863 339 1931 dei
372 1867 484 1954 patris
518 1876 572 1936 est
599 1863 692 1936 facie
718 1869 765 1936 sd
790 1867 919 1937 faciem
945 1867 1120 1950 feliciter,
1155 1867 1424 1958 imperpetuum
1452 1866 1547 1934 uisu·

167 1986 241 2034 ros.
293 1962 362 2030 Vbi
401 1965 557 2034 audituri
596 1977 690 2036 sunt.
742 1966 869 2036 Venite
904 1967 1084 2036 benedicti
1115 1967 1228 2057 petris
1261 1966 1333 2037 mei
1357 1965 1547 2055 percipite.
1647 1979 1663 2050 j

18 2117 32 2130 .
165 2075 203 2132 et
242 2074 367 2132 contre
393 2062 544 2133 Exuriui
579 2077 615 2134 ιι
650 2064 781 2135 dedisti
816 2067 925 2134 michi
961 2066 1187 2136 manducare.
1221 2073 1257 2130 et
1291 2074 1411 2148 cetera
1438 2086 1576 2164 opera·

165 2161 428 2232 misericordie.
480 2165 512 2233 0
538 2188 623 2248 vere
623 2159 737 2232 felix
771 2175 825 2232 est
852 2167 913 2234 ille
939 2167 1001 2258 qui
1027 2166 1122 2234 inter
1148 2163 1247 2230 mille
1270 2163 1467 2251 particulas
1494 2185 1549 2232 ao·

165 2265 240 2330 lam
265 2272 303 2330 ct
328 2263 470 2331 unicam
496 2235 624 2355 digne,
657 2275 695 2332 et
719 2263 947 2332 laudabiliter
972 2265 1205 2333 elemosinam
1231 2257 1302 2330 sibi
1326 2261 1547 2361 salutiferam
1609 2345 1611 2349 ,

165 2360 354 2452 impendit.
405 2363 618 2432 Mandemus
645 2363 756 2453 igitur
782 2373 817 2431 et
833 2362 1034 2433 mandendo
1054 2362 1290 2455 precipimus,
1305 2333 1473 2430 omnibus
1491 2383 1548 2429 ec·

165 2462 359 2530 etesiarum
385 2463 554 2548 Prslstis,
575 2473 616 2532 ut
641 2463 745 2532 huius
771 2461 899 2534 domus
925 2465 1081 2550 nuntios,
1107 2462 1205 2531 omni
1232 2462 1422 2530 occasione
1448 2471 1546 2552 post·

166 2560 287 2652 posita
314 2583 396 2630 cum
423 2561 497 2631 suis
521 2562 767 2646 adiutoribus,
804 2574 988 2655 tamqnam
1014 2564 1195 2634 Christum
1222 2560 1456 2652 susscipisnt,
1484 2562 1547 2629 bo·

166 2661 226 2730 nie
253 2663 454 2744 cumulent,
477 2662 607 2731 litteris
633 2663 949 2751 commendatoriis
970 2656 1194 2731 confirment.
1247 2659 1301 2728 Ne
1324 2681 1413 2750 ergo
1439 2661 1545 2728 aliosi

166 2759 360 2852 indiguum
384 2760 560 2846 uideatur,
586 2781 698 2852 quere
725 2764 790 2830 hos
817 2761 962 2830 nuntios
990 2771 1063 2830 tam
1089 2759 1188 2832 fideli
1214 2778 1301 2826 cura
1327 2767 1362 2824 st
1387 2759 1547 2826 testimo·
1603 2822 1607 2830 .

166 2863 233 2928 nio
267 2870 367 2930 certo
402 2859 619 2949 dirigamus,
659 2881 766 2928 causa
799 2870 897 2930 certa
931 2871 967 2928 et
996 2871 1086 2929 nota
1121 2857 1207 2927 eatis
1231 2856 1453 2946 impromptu
1479 2865 1543 2926 est.

167 2959 260 3054 Quis
296 2980 369 3028 non
394 2959 592 3028 admiretur
617 2958 816 3050 potentiam
842 2960 901 3028 dei
926 2959 964 3028 in
991 2957 1153 3050 predicta
1177 2955 1286 3026 domu
1312 2964 1349 3026 st
1372 2955 1546 3035 fratribus

91 3103 95 3110 -
167 3059 249 3128 eius
282 3069 356 3128 tem
392 3069 558 3148 patenter
591 3059 725 3130 florere
750 3070 785 3129 et
810 3079 1056 3152 perseuerare
1090 3059 1154 3128 ubi
1180 3066 1233 3126 tot
1259 3055 1392 3124 infirmi
1420 3078 1547 3148 procu·

166 3167 317 3247 rantur,
356 3168 409 3228 tot
434 3159 592 3250 hospites
617 3159 861 3251 recipiuntur,
896 3170 931 3228 et
956 3169 995 3228 ιιι
1020 3160 1182 3230 ιιιιιιιιιι·
1207 3154 1547 3253 comprehendatur,
1596 3232 1597 3241 χ

165 3258 233 3326 nbi
256 3258 517 3350 usquecunque
543 3259 756 3330 necessitate
781 3257 1017 3340 clamauerint
1043 3255 1173 3328 cotidie
1201 3256 1443 3325 consolantur.
1469 3257 1546 3324 Hes

154 3359 317 3449 inquam
341 3357 470 3426 domus
496 3369 551 3429 ιιι
575 3354 758 3448 refrigerij
785 3359 914 3428 domus
941 3370 994 3429 cst
1018 3345 1171 3448 pietetls.
1198 3357 1325 3426 domus
1340 3353 1548 3423 omnimode
1567 3392 1576 3404 =·

167 3453 428 3528 consolationis
454 3467 491 3526 et
515 3460 607 3526 hanc
633 3457 740 3528 etiam
767 3458 923 3546 domum,
951 3454 1263 3548 ipsumchristum
1287 3455 1439 3538 ihesum,
1464 3476 1549 3545 qua·
1643 3496 1646 3502 ·

167 3557 201 3626 ei
229 3557 267 3624 in
293 3558 432 3642 cunctis
457 3557 649 3648 beneficijs
670 3557 852 3628 oredimus
877 3557 1076 3650 reliquisse.
1141 3555 1229 3651 Quis
1254 3576 1326 3625 non
1353 3555 1549 3626 incenden-

6 3659 8 3666 ’
90 3711 91 3714 ¹
169 3667 235 3724 tur
259 3639 585 3740 (iocundeturlin
612 3679 650 3726 ee
678 3678 759 3726 curn
785 3657 960 3744 audierit,
1004 3655 1103 3748 qnod
1128 3656 1334 3749 quicunque
1357 3650 1548 3722 incudem

170 3753 433 3826 infirmantium
470 3757 732 3827 desiderauerit
768 3777 916 3848 pomum
950 3757 1120 3826 uidelicet
1145 3759 1241 3828 Vuae
1264 3753 1546 3868 quanticumque

169 3854 284 3956 precij
317 3851 390 3926 sint
414 3857 675 3948 comparandae
700 3857 785 3926 dum
811 3858 1034 3932 temtumodn
1060 3859 1207 3928 uenales
1232 3852 1475 3935 inuenientes,
1499 3852 1547 3922 sit

170 3927 412 4044 proculdubio
445 3967 669 4048 accepturus.
730 3959 785 4028 Ex
809 3960 876 4026 hec
899 3956 1011 4047 igitur
1035 3956 1262 4038 multitudine
1287 3952 1394 4024 huius
1419 3951 1547 4024 domus

172 4047 484 4166 administratione
509 4058 724 4145 excitemur,
770 4057 887 4130 Non
877 4080 915 4128 m
939 4058 1069 4160 merito
1089 4057 1251 4133 fidelium
1263 4062 1412 4227 mcqtgs.
1439 4051 1546 4124 etiam
