3804 4718
398 341 487 427 118
783 257 1031 443 Diplomsta
1044 325 1369 444 »Ιιιιμιιιιοιιιιιι
1494 289 1498 296 .

861 645 1211 761 ¹·-occr.-

669 826 764 951 Anno
795 899 885 954 last
938 845 1127 976 §NAugust
1180 885 1265 968 apud
1291 882 1514 948 Nurenberch.
1583 817 1619 928 i·

404 1089 625 1178 Heinricus
656 1085 749 1173 VII.
779 1110 872 1191 rex,
902 1084 1144 1201 petentibus
1175 1082 1326 1168 abbate
1359 1101 1401 1167 et
1428 1099 1642 1167 conventu
1663 1043 1784 1170 beati

399 1208 591 1296 Udalrici
622 1223 665 1290 et
695 1203 872 1292 Sanctae
902 1203 1049 1309 Afrae,
1076 1202 1250 1318 praedia
1281 1229 1433 1286 eorum
1463 1200 1507 1283 in
1536 1201 1646 1286 villis
1661 1201 1779 1288 Bon

400 1347 560 1431 steten,
592 1323 877 1410 Voctesvviler
909 1342 951 1408 et
980 1323 1106 1410 Rvot'
1078 1342 1160 1428 tm,
1192 1317 1407 1407 aduobus
1432 1317 1777 1409 ministerialibus
1887 1359 1888 1410 ι

1885 1071 1887 1218 l

1885 1243 1888 1350 l

355 1537 358 1544 ⁴
399 1446 527 1559 regiis
558 1462 824 1556 comparata,
853 1441 898 1528 in
929 1442 1236 1556 protectionem
1265 1468 1387 1525 suam
1408 1437 1584 1575 recipit,
1613 1440 1780 1554 ipsum·
1887 1453 1888 1542 j

402 1593 489 1676 que
519 1561 827 1647 monasterium
858 1587 1060 1664 securum
1088 1557 1252 1669 reddit,
1294 1555 1413 1669 quod
1452 1555 1547 1641 de
1535 1577 1617 1642 ista
1644 1559 1781 1644 advo·
1886 1569 1888 1658 ξ

277 1679 279 1682 ’
402 1683 508 1767 catio
537 1708 639 1794 prae
642 1697 707 1762 etr
737 1651 1159 1762 consuetudinarium
1176 1677 1454 1792 Vogetmutte
1472 1675 1781 1790 (Vogtemutte)
1840 1697 1846 1710 '

464 1797 589 1885 nihil
620 1813 875 1908 extorqueat
859 1813 951 1900 tur,
975 1814 1048 1879 *et
1068 1793 1228 1908 quod
1217 1824 1308 1909 rpsa
1338 1793 1557 1880 advocatia
1586 1825 1700 1883 nun-

580 1943 709 2030 quam
739 1913 784 1998 in
812 1911 1068 2000 beneficimn
1096 1915 1300 2026 cuiquam
1332 1910 1602 1998 concedatur.

406 2084 562 2219 Gloria
588 2141 635 2214 sit
660 2148 729 2217 deo
760 2146 854 2236 patri
880 2145 1119 2238 omnipotenti
1147 2145 1349 2216 lutrinitate
1376 2145 1537 2235 perlecta
1563 2155 1600 2214 et
1616 2147 1783 2220 Maiesta-

402 2263 448 2330 tis
471 2263 697 2332 excellentia.
751 2263 941 2348 Hainricus
967 2263 1024 2330 dei
1050 2262 1166 2352 gratia
1192 2263 1438 2334 Romanorum
1466 2285 1532 2330 rex
1566 2272 1603 2332 et
1636 2284 1784 2355 semper

402 2368 599 2452 Augustus.
650 2363 837 2432 Vniuersis
863 2363 966 2452 regnj
995 2361 1048 2450 suj
1076 2360 1242 2428 fidelibus
1270 2363 1550 2453 imperpetuum.
1603 2361 1784 2458 Quoniam
1889 2365 1891 2382 '

405 2463 526 2531 diuina
559 2463 816 2552 preordinante
850 2465 968 2552 gratia
1009 2473 1106 2533 tante
1142 2462 1327 2550 dignitatis
1362 2475 1484 2533 nostre
1516 2473 1553 2532 et
1587 2467 1785 2536 maiestatis

404 2562 560 2631 culmine
588 2564 922 2630 transcendimus'
911 2588 949 2629 m
977 2584 1050 2653 quo
1070 2563 1199 2654 ceteris
1218 2566 1430 2632 mortalibus
1446 2565 1782 2654 supereminemus.

405 2653 578 2762 dignum
590 2685 777 2732 censemus
810 2685 877 2751 per
909 2664 1030 2730 omnia
1064 2673 1097 2730 et
1122 2664 1289 2730 salubria
1323 2675 1361 2732 vt
1388 2664 1457 2754 ipsi
1485 2665 1550 2732 soli
1581 2686 1646 2754 per
1672 2687 1782 2756 quem

404 2785 509 2855 reges
536 2775 689 2854 regnant
715 2774 750 2832 et
777 2765 986 2832 subsistunt.
1015 2763 1192 2831 incunctis
1219 2754 1354 2832 nostris
1380 2763 1651 2862 operationibus
1675 2767 1784 2860 glori·

404 2888 461 2932 am
488 2863 759 2955 damnumque
787 2875 997 2932 reuerenter
1022 2875 1058 2931 et
1085 2865 1272 2954 supliciter
1298 2861 1433 2954 iugiter
1450 2887 1651 2953 precamus.
1695 2869 1783 2937 lNo·

355 3009 360 3016 ·
401 2975 514 3034 tescat
539 2965 660 3055 itaque
687 2964 824 3032 cunctis
843 2965 973 3032 Christi
999 2964 1175 3033 fidelibus.
1202 2966 1340 3054 pariter
1356 2976 1390 3032 et
1409 2965 1519 3032 totius
1536 2966 1649 3058 nostri
1671 2970 1777 3058 regni

191 3121 198 3142 ,
268 3125 281 3146 s
402 3065 637 3158 primoribus.
662 3073 734 3130 tam
762 3063 892 3130 futuris
920 3087 1026 3154 quam
1053 3066 1295 3155 presentibus.
1322 3063 1445 3155 quod
1436 3089 1472 3131 ιιι
1490 3065 1633 3134 Christo
1650 3066 1783 3139 fratres

402 3162 534 3233 dilecti.
586 3163 706 3229 Abbar
742 3173 776 3228 et
811 3176 1009 3233 conuentus
1044 3165 1252 3282 monasterii
1288 3165 1384 3232 beati
1412 3166 1571 3236 Vdalrici
1597 3177 1634 3236 et
1658 3180 1783 3239 sancte

403 3261 491 3333 Aire
516 3261 612 3349 apud
638 3266 833 3350 Augustam
861 3267 988 3354 urbem
1016 3269 1153 3355 regiam
1182 3276 1485 3356 comparauerant
1511 3266 1690 3337 aduobus
1717 3291 1783 3340 no·

404 3363 487 3434 stris
515 3360 809 3432 ministerialibus
835 3365 1001 3435 videlicet
1026 3369 1251 3437 adelberone
1277 3377 1312 3434 et
1338 3368 1486 3434 Sifrido.
1514 3368 1675 3456 ipsorum
1703 3392 1784 3462 pre·

405 3459 500 3530 dia
488 3483 568 3548 Jure
595 3461 789 3536 ereditario
813 3463 885 3532 ad
876 3489 973 3558 ipsos
991 3463 1239 3536 transducta.
1229 3465 1386 3536 anvillis.
1413 3465 1619 3535 Bonsteten.
1647 3478 1782 3542 etvoe·

404 3562 567 3631 teswiler
592 3573 628 3629 et
644 3564 776 3632 Rvotin
803 3589 884 3634 cum
912 3569 1009 3636 omni
1037 3587 1102 3634 suo
1127 3563 1207 3649 jure
1234 3576 1270 3633 et
1296 3566 1493 3655 attinentijs
1512 3563 1659 3638 ibidem.
1676 3572 1782 3642 araia.

405 3657 565 3731 edificiis.
591 3665 698 3752 agris.
724 3666 893 3736 tabernis.
921 3667 1037 3737 terria.
1067 3665 1189 3732 Cvltis
1217 3686 1281 3733 seu
1306 3660 1464 3734 incultis.
1502 3669 1626 3756 pratis.
1661 3672 1780 3744 Siluia.

402 3761 559 3832 Pascuis.
585 3765 661 3834 viis
688 3766 837 3857 quesitis
864 3779 901 3836 et
926 3765 1162 3858 inquirendis.
1200 3787 1280 3834 cum
1314 3767 1393 3857 ipsa
1418 3769 1590 3838 Ecclesia.
1626 3781 1662 3840 et
1698 3773 1779 3846 iura

401 3873 622 3954 patronatus
651 3877 688 3933 et
713 3868 880 3934 omnibus
908 3868 982 3934 suis
1008 3865 1222 3950 attinenciis.
1275 3867 1388 3936 Porro
1416 3869 1501 3959 quia
1534 3869 1629 3938 idem
1664 3874 1778 3946 abbas

340 4011 345 4021 .
403 3986 484 4032 oum
509 3985 576 4032 sno
602 3976 794 4034 conuentu.
823 3967 954 4034 deuote
981 3977 1017 4034 et
1042 3966 1241 4036 liberaliter
1266 3984 1332 4036 nos
1359 3969 1427 4038 sub
1453 3991 1517 4060 spe
1538 3992 1669 4062 magne
1686 3974 1778 4046 fidu·

401 4064 456 4136 ιιι
483 4064 713 4137 defensionis.
740 4073 840 4135 motu
866 4063 1028 4159 proprio.
1055 4077 1091 4137 et
1116 4069 1332 4140 uoluntaria.
1357 4069 1397 4162 jn
1424 4070 1559 4142 eisdem
1578 4073 1686 4146 bonis
1702 4075 1776 4166 jam
