<?xml version="1.0" encoding="UTF-8"?>
<!DOCTYPE html PUBLIC "-//W3C//DTD XHTML 1.0 Transitional//EN"
    "http://www.w3.org/TR/xhtml1/DTD/xhtml1-transitional.dtd">
<html xmlns="http://www.w3.org/1999/xhtml" xml:lang="en" lang="en">
 <head>
  <title>
</title>
<meta http-equiv="Content-Type" content="text/html;charset=utf-8" />
  <meta name='ocr-system' content='tesseract 3.04.00' />
  <meta name='ocr-capabilities' content='ocr_page ocr_carea ocr_par ocr_line ocrx_word'/>
</head>
<body>
  <div class='ocr_page' id='page_1' title='image "./monumentaboicae22landgoog_0100.png"; bbox 0 0 3804 4718; ppageno 0'>
   <div class='ocr_carea' id='block_1_1' title="bbox 337 251 1366 418">
    <p class='ocr_par' dir='ltr' id='par_1_1' title="bbox 337 251 1366 418">
     <span class='ocr_line' id='line_1_1' title="bbox 337 251 1366 418; baseline -0.005 -25"><span class='ocrx_word' id='word_1_1' title='bbox 337 299 341 312; x_wconf 79' lang='lat'>&#39;</span> <span class='ocrx_word' id='word_1_2' title='bbox 393 311 464 416; x_wconf 58' lang='lat'><strong>0²*</strong></span> <span class='ocrx_word' id='word_1_3' title='bbox 780 251 1025 418; x_wconf 85' lang='lat' dir='ltr'><strong>Diplomata</strong></span> <span class='ocrx_word' id='word_1_4' title='bbox 1054 299 1366 416; x_wconf 78' lang='lat' dir='ltr'><strong>Imperatorum</strong></span> 
     </span>
    </p>
   </div>
   <div class='ocr_carea' id='block_1_2' title="bbox 270 493 1760 732">
    <p class='ocr_par' dir='ltr' id='par_1_2' title="bbox 270 493 1760 732">
     <span class='ocr_line' id='line_1_2' title="bbox 270 493 1757 631; baseline -0.003 -18"><span class='ocrx_word' id='word_1_5' title='bbox 270 609 273 614; x_wconf 82' lang='grc'>,</span> <span class='ocrx_word' id='word_1_6' title='bbox 389 502 470 610; x_wconf 81' lang='lat' dir='ltr'><strong>Rex</strong></span> <span class='ocrx_word' id='word_1_7' title='bbox 495 559 641 630; x_wconf 83' lang='lat' dir='ltr'><strong>semper</strong></span> <span class='ocrx_word' id='word_1_8' title='bbox 664 540 867 628; x_wconf 80' lang='lat' dir='ltr'><strong>Augustus,</strong></span> <span class='ocrx_word' id='word_1_9' title='bbox 903 545 939 606; x_wconf 88' lang='lat' dir='ltr'><strong>et</strong></span> <span class='ocrx_word' id='word_1_10' title='bbox 965 537 1044 606; x_wconf 82' lang='lat' dir='ltr'><strong>Rex</strong></span> <span class='ocrx_word' id='word_1_11' title='bbox 1069 525 1204 608; x_wconf 81' lang='lat' dir='ltr'><strong>Siaiiie.</strong></span> <span class='ocrx_word' id='word_1_12' title='bbox 1252 537 1291 624; x_wconf 79' lang='lat' dir='ltr'><strong>Si</strong></span> <span class='ocrx_word' id='word_1_13' title='bbox 1317 539 1396 609; x_wconf 85' lang='lat' dir='ltr'><strong>laea</strong></span> <span class='ocrx_word' id='word_1_14' title='bbox 1421 537 1610 631; x_wconf 67' lang='lat' dir='ltr'><strong>religiosa,</strong></span> <span class='ocrx_word' id='word_1_15' title='bbox 1646 493 1694 610; x_wconf 51' lang='lat' dir='ltr'><strong>et,</strong></span> <span class='ocrx_word' id='word_1_16' title='bbox 1717 561 1757 608; x_wconf 86' lang='lat' dir='ltr'><strong>ea</strong></span> 
     </span>
     <span class='ocr_line' id='line_1_3' title="bbox 394 633 1760 732; baseline 0 -24"><span class='ocrx_word' id='word_1_17' title='bbox 394 661 464 732; x_wconf 86' lang='lat' dir='ltr'><strong>que</strong></span> <span class='ocrx_word' id='word_1_18' title='bbox 491 635 623 708; x_wconf 85' lang='lat' dir='ltr'><strong>diuinis</strong></span> <span class='ocrx_word' id='word_1_19' title='bbox 649 647 735 707; x_wconf 88' lang='lat' dir='ltr'><strong>sunt</strong></span> <span class='ocrx_word' id='word_1_20' title='bbox 760 633 923 705; x_wconf 85' lang='lat' dir='ltr'><strong>cultibus.</strong></span> <span class='ocrx_word' id='word_1_21' title='bbox 942 637 1130 727; x_wconf 85' lang='lat' dir='ltr'><strong>deputata,</strong></span> <span class='ocrx_word' id='word_1_22' title='bbox 1165 641 1396 727; x_wconf 75' lang='lat' dir='ltr'><strong>Regumseu</strong></span> <span class='ocrx_word' id='word_1_23' title='bbox 1415 641 1685 730; x_wconf 70' lang='lat' dir='ltr'><strong>Imperatorum</strong></span> <span class='ocrx_word' id='word_1_24' title='bbox 1710 634 1760 708; x_wconf 84' lang='lat' dir='ltr'><strong>fe·</strong></span> 
     </span>
    </p>
   </div>
   <div class='ocr_carea' id='block_1_3' title="bbox 268 737 1759 842">
    <p class='ocr_par' dir='ltr' id='par_1_3' title="bbox 268 737 1759 842">
     <span class='ocr_line' id='line_1_4' title="bbox 268 737 1759 842; baseline 0.001 -36"><span class='ocrx_word' id='word_1_25' title='bbox 268 819 275 842; x_wconf 39' lang='lat' dir='ltr'><em>l</em></span> <span class='ocrx_word' id='word_1_26' title='bbox 389 741 513 809; x_wconf 86' lang='lat' dir='ltr'><strong>licium</strong></span> <span class='ocrx_word' id='word_1_27' title='bbox 540 737 836 829; x_wconf 82' lang='lat' dir='ltr'><strong>predecessorum</strong></span> <span class='ocrx_word' id='word_1_28' title='bbox 862 747 1070 806; x_wconf 89' lang='lat' dir='ltr'><strong>nostrorum</strong></span> <span class='ocrx_word' id='word_1_29' title='bbox 1095 739 1199 805; x_wconf 88' lang='lat' dir='ltr'><strong>donis</strong></span> <span class='ocrx_word' id='word_1_30' title='bbox 1225 739 1335 807; x_wconf 86' lang='lat' dir='ltr'><strong>ditata</strong></span> <span class='ocrx_word' id='word_1_31' title='bbox 1362 749 1444 808; x_wconf 89' lang='lat' dir='ltr'><strong>sunt</strong></span> <span class='ocrx_word' id='word_1_32' title='bbox 1481 750 1519 808; x_wconf 88' lang='lat' dir='ltr'><strong>et</strong></span> <span class='ocrx_word' id='word_1_33' title='bbox 1555 739 1759 831; x_wconf 80' lang='lat' dir='ltr'><strong>priuilegiis</strong></span> 
     </span>
    </p>
   </div>
   <div class='ocr_carea' id='block_1_4' title="bbox 341 836 1762 1228">
    <p class='ocr_par' dir='ltr' id='par_1_4' title="bbox 341 836 1762 1228">
     <span class='ocr_line' id='line_1_5' title="bbox 392 836 1759 940; baseline 0 -32"><span class='ocrx_word' id='word_1_34' title='bbox 392 840 575 912; x_wconf 84' lang='lat' dir='ltr'><strong>roborata.</strong></span> <span class='ocrx_word' id='word_1_35' title='bbox 608 837 782 940; x_wconf 82' lang='lat' dir='ltr'><strong>dignum</strong></span> <span class='ocrx_word' id='word_1_36' title='bbox 792 836 991 906; x_wconf 86' lang='lat' dir='ltr'><strong>iudicamus</strong></span> <span class='ocrx_word' id='word_1_37' title='bbox 1021 847 1063 905; x_wconf 89' lang='lat' dir='ltr'><strong>et</strong></span> <span class='ocrx_word' id='word_1_38' title='bbox 1087 841 1295 926; x_wconf 82' lang='lat' dir='ltr'><strong>honestum,</strong></span> <span class='ocrx_word' id='word_1_39' title='bbox 1330 837 1461 906; x_wconf 88' lang='lat' dir='ltr'><strong>dona</strong></span> <span class='ocrx_word' id='word_1_40' title='bbox 1450 851 1534 928; x_wconf 75' lang='lat' dir='ltr'><strong>ipsa</strong></span> <span class='ocrx_word' id='word_1_41' title='bbox 1554 849 1591 908; x_wconf 88' lang='lat' dir='ltr'><strong>et</strong></span> <span class='ocrx_word' id='word_1_42' title='bbox 1612 838 1759 928; x_wconf 75' lang='lat' dir='ltr'><strong>priuile-</strong></span> 
     </span>
     <span class='ocr_line' id='line_1_6' title="bbox 392 929 1759 1030; baseline 0 -24"><span class='ocrx_word' id='word_1_43' title='bbox 392 942 452 1028; x_wconf 83' lang='lat' dir='ltr'><strong>gia</strong></span> <span class='ocrx_word' id='word_1_44' title='bbox 477 941 743 1028; x_wconf 85' lang='lat' dir='ltr'><strong>inperpetuum</strong></span> <span class='ocrx_word' id='word_1_45' title='bbox 770 933 995 1004; x_wconf 84' lang='lat' dir='ltr'><strong>eonfrrmare.</strong></span> <span class='ocrx_word' id='word_1_46' title='bbox 1046 929 1180 1006; x_wconf 84' lang='lat' dir='ltr'><strong>Notum</strong></span> <span class='ocrx_word' id='word_1_47' title='bbox 1207 939 1330 1030; x_wconf 87' lang='lat' dir='ltr'><strong>itaque</strong></span> <span class='ocrx_word' id='word_1_48' title='bbox 1357 937 1443 1005; x_wconf 80' lang='lat' dir='ltr'><strong>fore</strong></span> <span class='ocrx_word' id='word_1_49' title='bbox 1460 938 1625 1006; x_wconf 84' lang='lat' dir='ltr'><strong>volumus</strong></span> <span class='ocrx_word' id='word_1_50' title='bbox 1644 939 1759 1007; x_wconf 85' lang='lat' dir='ltr'><strong>omni·</strong></span> 
     </span>
     <span class='ocr_line' id='line_1_7' title="bbox 389 1036 1760 1131; baseline 0.001 -25"><span class='ocrx_word' id='word_1_51' title='bbox 389 1041 458 1108; x_wconf 89' lang='lat' dir='ltr'><strong>bus</strong></span> <span class='ocrx_word' id='word_1_52' title='bbox 485 1039 627 1130; x_wconf 81' lang='lat' dir='ltr'><strong>imperii</strong></span> <span class='ocrx_word' id='word_1_53' title='bbox 654 1037 768 1104; x_wconf 84' lang='lat' dir='ltr'><strong>nostri</strong></span> <span class='ocrx_word' id='word_1_54' title='bbox 794 1036 960 1103; x_wconf 86' lang='lat' dir='ltr'><strong>fidelibus</strong></span> <span class='ocrx_word' id='word_1_55' title='bbox 987 1047 1059 1104; x_wconf 91' lang='lat' dir='ltr'><strong>tam</strong></span> <span class='ocrx_word' id='word_1_56' title='bbox 1085 1039 1314 1128; x_wconf 71' lang='lat' dir='ltr'><strong>presentibus</strong></span> <span class='ocrx_word' id='word_1_57' title='bbox 1338 1059 1446 1130; x_wconf 86' lang='lat' dir='ltr'><strong>quam</strong></span> <span class='ocrx_word' id='word_1_58' title='bbox 1470 1037 1621 1124; x_wconf 87' lang='lat' dir='ltr'><strong>futuris,</strong></span> <span class='ocrx_word' id='word_1_59' title='bbox 1661 1037 1760 1131; x_wconf 87' lang='lat' dir='ltr'><strong>quod</strong></span> 
     </span>
     <span class='ocr_line' id='line_1_8' title="bbox 341 1135 1762 1228; baseline -0.002 -21"><span class='ocrx_word' id='word_1_60' title='bbox 341 1157 351 1178; x_wconf 81' lang='lat'><em>⁰</em></span> <span class='ocrx_word' id='word_1_61' title='bbox 391 1159 458 1207; x_wconf 91' lang='lat' dir='ltr'><strong>nos</strong></span> <span class='ocrx_word' id='word_1_62' title='bbox 484 1135 809 1206; x_wconf 87' lang='lat' dir='ltr'><strong>Outtenburnensis</strong></span> <span class='ocrx_word' id='word_1_63' title='bbox 835 1135 993 1205; x_wconf 77' lang='lat' dir='ltr'><strong>Ecclesia</strong></span> <span class='ocrx_word' id='word_1_64' title='bbox 1017 1137 1244 1222; x_wconf 86' lang='lat' dir='ltr'><strong>libertatem,</strong></span> <span class='ocrx_word' id='word_1_65' title='bbox 1277 1137 1322 1206; x_wconf 86' lang='lat' dir='ltr'><strong>ab</strong></span> <span class='ocrx_word' id='word_1_66' title='bbox 1356 1137 1514 1226; x_wconf 74' lang='lat' dir='ltr'><strong>antiquis</strong></span> <span class='ocrx_word' id='word_1_67' title='bbox 1539 1137 1700 1228; x_wconf 80' lang='lat' dir='ltr'><strong>Regibus</strong></span> <span class='ocrx_word' id='word_1_68' title='bbox 1725 1146 1762 1206; x_wconf 88' lang='lat' dir='ltr'><strong>et</strong></span> 
     </span>
    </p>
   </div>
   <div class='ocr_carea' id='block_1_5' title="bbox 281 1233 1762 1329">
    <p class='ocr_par' dir='ltr' id='par_1_5' title="bbox 281 1233 1762 1329">
     <span class='ocr_line' id='line_1_9' title="bbox 281 1233 1762 1329; baseline 0.002 -25"><span class='ocrx_word' id='word_1_69' title='bbox 281 1235 286 1240; x_wconf 79' lang='grc'><strong>’</strong></span> <span class='ocrx_word' id='word_1_70' title='bbox 390 1237 676 1328; x_wconf 87' lang='lat' dir='ltr'><strong>Imperatoribus</strong></span> <span class='ocrx_word' id='word_1_71' title='bbox 702 1235 771 1304; x_wconf 90' lang='lat' dir='ltr'><strong>sibi</strong></span> <span class='ocrx_word' id='word_1_72' title='bbox 797 1235 980 1321; x_wconf 87' lang='lat' dir='ltr'><strong>collatam,</strong></span> <span class='ocrx_word' id='word_1_73' title='bbox 1017 1257 1247 1329; x_wconf 89' lang='lat' dir='ltr'><strong>nequaquam</strong></span> <span class='ocrx_word' id='word_1_74' title='bbox 1272 1235 1488 1326; x_wconf 82' lang='lat' dir='ltr'><strong>infringere,</strong></span> <span class='ocrx_word' id='word_1_75' title='bbox 1520 1246 1584 1305; x_wconf 91' lang='lat' dir='ltr'><strong>aut</strong></span> <span class='ocrx_word' id='word_1_76' title='bbox 1609 1233 1762 1307; x_wconf 88' lang='lat' dir='ltr'><strong>diminu-</strong></span> 
     </span>
    </p>
   </div>
   <div class='ocr_carea' id='block_1_6' title="bbox 391 1334 1763 1428">
    <p class='ocr_par' dir='ltr' id='par_1_6' title="bbox 391 1334 1763 1428">
     <span class='ocr_line' id='line_1_10' title="bbox 391 1334 1763 1428; baseline -0.001 -22"><span class='ocrx_word' id='word_1_77' title='bbox 391 1357 470 1425; x_wconf 70' lang='grc' dir='ltr'>ιιι,</span> <span class='ocrx_word' id='word_1_78' title='bbox 497 1337 562 1406; x_wconf 88' lang='lat' dir='ltr'><strong>sed</strong></span> <span class='ocrx_word' id='word_1_79' title='bbox 587 1337 833 1404; x_wconf 85' lang='lat' dir='ltr'><strong>eohroborare</strong></span> <span class='ocrx_word' id='word_1_80' title='bbox 860 1345 896 1402; x_wconf 89' lang='lat' dir='ltr'><strong>et</strong></span> <span class='ocrx_word' id='word_1_81' title='bbox 922 1335 1096 1425; x_wconf 87' lang='lat' dir='ltr'><strong>ampliare</strong></span> <span class='ocrx_word' id='word_1_82' title='bbox 1120 1337 1241 1427; x_wconf 88' lang='lat' dir='ltr'><strong>potius</strong></span> <span class='ocrx_word' id='word_1_83' title='bbox 1261 1334 1460 1426; x_wconf 88' lang='lat' dir='ltr'><strong>cupientes,</strong></span> <span class='ocrx_word' id='word_1_84' title='bbox 1483 1337 1660 1428; x_wconf 89' lang='lat' dir='ltr'><strong>scriptum</strong></span> <span class='ocrx_word' id='word_1_85' title='bbox 1683 1358 1763 1428; x_wconf 90' lang='lat' dir='ltr'><strong>pre·</strong></span> 
     </span>
    </p>
   </div>
   <div class='ocr_carea' id='block_1_7' title="bbox 389 1427 1896 1724">
    <p class='ocr_par' dir='ltr' id='par_1_7' title="bbox 389 1427 1896 1724">
     <span class='ocr_line' id='line_1_11' title="bbox 391 1427 1894 1534; baseline -0.001 -29"><span class='ocrx_word' id='word_1_86' title='bbox 391 1435 623 1506; x_wconf 82' lang='lat' dir='ltr'><strong>decessorum</strong></span> <span class='ocrx_word' id='word_1_87' title='bbox 649 1427 857 1504; x_wconf 81' lang='lat' dir='ltr'><strong>nesirorum</strong></span> <span class='ocrx_word' id='word_1_88' title='bbox 875 1435 1037 1502; x_wconf 86' lang='lat' dir='ltr'><strong>Letharii</strong></span> <span class='ocrx_word' id='word_1_89' title='bbox 1064 1444 1100 1504; x_wconf 88' lang='lat' dir='ltr'><strong>et</strong></span> <span class='ocrx_word' id='word_1_90' title='bbox 1126 1432 1451 1506; x_wconf 84' lang='lat' dir='ltr'><strong>dominiFridsriei</strong></span> <span class='ocrx_word' id='word_1_91' title='bbox 1476 1435 1534 1502; x_wconf 92' lang='lat' dir='ltr'><strong>aui</strong></span> <span class='ocrx_word' id='word_1_92' title='bbox 1562 1436 1675 1505; x_wconf 86' lang='lat' dir='ltr'><strong>nostri</strong></span> <span class='ocrx_word' id='word_1_93' title='bbox 1695 1439 1763 1504; x_wconf 90' lang='lat' dir='ltr'><strong>im·</strong></span> <span class='ocrx_word' id='word_1_94' title='bbox 1892 1473 1894 1534; x_wconf 60' lang='lat' dir='ltr'><strong>p</strong></span> 
     </span>
     <span class='ocr_line' id='line_1_12' title="bbox 392 1530 1895 1626; baseline -0.001 -24"><span class='ocrx_word' id='word_1_95' title='bbox 392 1547 601 1626; x_wconf 82' lang='lat' dir='ltr'><strong>paratorum</strong></span> <span class='ocrx_word' id='word_1_96' title='bbox 627 1534 741 1604; x_wconf 79' lang='lat' dir='ltr'><strong>felicis</strong></span> <span class='ocrx_word' id='word_1_97' title='bbox 767 1535 959 1620; x_wconf 83' lang='lat' dir='ltr'><strong>memorie,</strong></span> <span class='ocrx_word' id='word_1_98' title='bbox 987 1545 1137 1624; x_wconf 87' lang='lat' dir='ltr'><strong>propter</strong></span> <span class='ocrx_word' id='word_1_99' title='bbox 1161 1531 1324 1606; x_wconf 79' lang='lat' dir='ltr'><strong>veritatis</strong></span> <span class='ocrx_word' id='word_1_100' title='bbox 1348 1530 1597 1620; x_wconf 84' lang='lat' dir='ltr'><strong>euidentiam,</strong></span> <span class='ocrx_word' id='word_1_101' title='bbox 1620 1535 1764 1624; x_wconf 77' lang='lat' dir='ltr'><strong>placuit</strong></span> <span class='ocrx_word' id='word_1_102' title='bbox 1893 1535 1895 1600; x_wconf 64' lang='lat' dir='ltr'><strong>t</strong></span> 
     </span>
     <span class='ocr_line' id='line_1_13' title="bbox 389 1632 1896 1724; baseline 0.001 -22"><span class='ocrx_word' id='word_1_103' title='bbox 389 1635 496 1704; x_wconf 87' lang='lat' dir='ltr'><strong>nobis</strong></span> <span class='ocrx_word' id='word_1_104' title='bbox 522 1635 559 1701; x_wconf 93' lang='lat' dir='ltr'><strong>in</strong></span> <span class='ocrx_word' id='word_1_105' title='bbox 586 1633 745 1724; x_wconf 84' lang='lat' dir='ltr'><strong>presenti</strong></span> <span class='ocrx_word' id='word_1_106' title='bbox 772 1635 902 1722; x_wconf 85' lang='lat' dir='ltr'><strong>pagina</strong></span> <span class='ocrx_word' id='word_1_107' title='bbox 926 1634 1161 1719; x_wconf 83' lang='lat' dir='ltr'><strong>interserere,</strong></span> <span class='ocrx_word' id='word_1_108' title='bbox 1194 1644 1233 1702; x_wconf 86' lang='lat' dir='ltr'><strong>vt</strong></span> <span class='ocrx_word' id='word_1_109' title='bbox 1257 1632 1387 1704; x_wconf 86' lang='lat' dir='ltr'><strong>deinde</strong></span> <span class='ocrx_word' id='word_1_110' title='bbox 1412 1644 1534 1703; x_wconf 88' lang='lat' dir='ltr'><strong>nostre</strong></span> <span class='ocrx_word' id='word_1_111' title='bbox 1558 1636 1763 1703; x_wconf 74' lang='lat' dir='ltr'><strong>traditionis</strong></span> <span class='ocrx_word' id='word_1_112' title='bbox 1894 1655 1896 1710; x_wconf 77' lang='grc' dir='ltr'>ζ</span> 
     </span>
    </p>
   </div>
   <div class='ocr_carea' id='block_1_8' title="bbox 385 1731 1766 2122">
    <p class='ocr_par' dir='ltr' id='par_1_8' title="bbox 385 1731 1766 2122">
     <span class='ocr_line' id='line_1_14' title="bbox 385 1731 1763 1825; baseline 0.001 -22"><span class='ocrx_word' id='word_1_113' title='bbox 385 1745 429 1803; x_wconf 86' lang='lat' dir='ltr'><strong>et</strong></span> <span class='ocrx_word' id='word_1_114' title='bbox 452 1733 516 1802; x_wconf 85' lang='lat' dir='ltr'><strong>tilii</strong></span> <span class='ocrx_word' id='word_1_115' title='bbox 541 1733 656 1800; x_wconf 88' lang='lat' dir='ltr'><strong>nostri</strong></span> <span class='ocrx_word' id='word_1_116' title='bbox 683 1733 828 1800; x_wconf 90' lang='lat' dir='ltr'><strong>Henriei</strong></span> <span class='ocrx_word' id='word_1_117' title='bbox 854 1733 1057 1801; x_wconf 82' lang='lat' dir='ltr'><strong>Suanorum</strong></span> <span class='ocrx_word' id='word_1_118' title='bbox 1081 1731 1181 1801; x_wconf 89' lang='lat' dir='ltr'><strong>ducis</strong></span> <span class='ocrx_word' id='word_1_119' title='bbox 1207 1742 1243 1801; x_wconf 88' lang='lat' dir='ltr'><strong>et</strong></span> <span class='ocrx_word' id='word_1_120' title='bbox 1267 1732 1656 1824; x_wconf 83' lang='lat' dir='ltr'><strong>RectorisBurgundie</strong></span> <span class='ocrx_word' id='word_1_121' title='bbox 1681 1757 1763 1825; x_wconf 87' lang='lat' dir='ltr'><strong>pos·</strong></span> 
     </span>
     <span class='ocr_line' id='line_1_15' title="bbox 392 1831 1763 1923; baseline 0 -21"><span class='ocrx_word' id='word_1_122' title='bbox 392 1836 504 1902; x_wconf 87' lang='lat' dir='ltr'><strong>simus</strong></span> <span class='ocrx_word' id='word_1_123' title='bbox 529 1832 657 1919; x_wconf 87' lang='lat' dir='ltr'><strong>edicta,</strong></span> <span class='ocrx_word' id='word_1_124' title='bbox 680 1831 909 1901; x_wconf 85' lang='lat' dir='ltr'><strong>ordinatione</strong></span> <span class='ocrx_word' id='word_1_125' title='bbox 934 1853 1117 1921; x_wconf 89' lang='lat' dir='ltr'><strong>apponere</strong></span> <span class='ocrx_word' id='word_1_126' title='bbox 1134 1831 1368 1923; x_wconf 87' lang='lat' dir='ltr'><strong>eompetenti.</strong></span> <span class='ocrx_word' id='word_1_127' title='bbox 1418 1831 1484 1902; x_wconf 82' lang='lat' dir='ltr'><strong>Est</strong></span> <span class='ocrx_word' id='word_1_128' title='bbox 1502 1842 1622 1902; x_wconf 90' lang='lat' dir='ltr'><strong>autem</strong></span> <span class='ocrx_word' id='word_1_129' title='bbox 1640 1833 1763 1902; x_wconf 84' lang='lat' dir='ltr'><strong>buius·</strong></span> 
     </span>
     <span class='ocr_line' id='line_1_16' title="bbox 392 1927 1763 2022; baseline 0.001 -22"><span class='ocrx_word' id='word_1_130' title='bbox 392 1932 492 2000; x_wconf 90' lang='lat' dir='ltr'><strong>modi</strong></span> <span class='ocrx_word' id='word_1_131' title='bbox 508 1928 1103 2022; x_wconf 78' lang='lat' dir='ltr'><strong>scripturnImperatorisbotbarij.</strong></span> <span class='ocrx_word' id='word_1_132' title='bbox 1127 1927 1345 2021; x_wconf 69' lang='lat' dir='ltr'><strong>„priuilegia</strong></span> <span class='ocrx_word' id='word_1_133' title='bbox 1362 1933 1566 2002; x_wconf 72' lang='lat' dir='ltr'><strong>nnerande</strong></span> <span class='ocrx_word' id='word_1_134' title='bbox 1582 1953 1624 2002; x_wconf 90' lang='lat' dir='ltr'><strong>ae</strong></span> <span class='ocrx_word' id='word_1_135' title='bbox 1639 1943 1763 2002; x_wconf 80' lang='lat' dir='ltr'><strong>ennete</strong></span> 
     </span>
     <span class='ocr_line' id='line_1_17' title="bbox 391 2030 1766 2122; baseline -0.001 -21"><span class='ocrx_word' id='word_1_136' title='bbox 391 2031 693 2121; x_wconf 82' lang='lat' dir='ltr'><strong>Congregationis</strong></span> <span class='ocrx_word' id='word_1_137' title='bbox 720 2030 1057 2100; x_wconf 84' lang='lat' dir='ltr'><strong>Outtenburnensis.</strong></span> <span class='ocrx_word' id='word_1_138' title='bbox 1085 2030 1235 2120; x_wconf 85' lang='lat' dir='ltr'><strong>Cenobij</strong></span> <span class='ocrx_word' id='word_1_139' title='bbox 1262 2033 1356 2100; x_wconf 87' lang='lat' dir='ltr'><strong>ete.“</strong></span> <span class='ocrx_word' id='word_1_140' title='bbox 1403 2032 1579 2122; x_wconf 75' lang='lat' dir='ltr'><strong>vergitur·</strong></span> <span class='ocrx_word' id='word_1_141' title='bbox 1604 2042 1677 2100; x_wconf 87' lang='lat' dir='ltr'><strong>tam</strong></span> <span class='ocrx_word' id='word_1_142' title='bbox 1703 2033 1766 2100; x_wconf 87' lang='lat' dir='ltr'><strong>de·</strong></span> 
     </span>
    </p>
   </div>
   <div class='ocr_carea' id='block_1_9' title="bbox 263 2126 1762 2224">
    <p class='ocr_par' dir='ltr' id='par_1_9' title="bbox 263 2126 1762 2224">
     <span class='ocr_line' id='line_1_18' title="bbox 263 2126 1762 2224; baseline -0.001 -23"><span class='ocrx_word' id='word_1_143' title='bbox 263 2153 269 2162; x_wconf 84' lang='lat'><strong><em>‘</em></strong></span> <span class='ocrx_word' id='word_1_144' title='bbox 390 2132 478 2203; x_wconf 81' lang='lat' dir='ltr'><strong>mini</strong></span> <span class='ocrx_word' id='word_1_145' title='bbox 503 2131 733 2220; x_wconf 83' lang='lat' dir='ltr'><strong>Imperatoris</strong></span> <span class='ocrx_word' id='word_1_146' title='bbox 753 2130 912 2220; x_wconf 76' lang='lat' dir='ltr'><strong>hornarij</strong></span> <span class='ocrx_word' id='word_1_147' title='bbox 939 2127 1114 2221; x_wconf 74' lang='lat' dir='ltr'><strong>seriptum</strong></span> <span class='ocrx_word' id='word_1_148' title='bbox 1141 2131 1187 2200; x_wconf 90' lang='lat' dir='ltr'><strong>ad</strong></span> <span class='ocrx_word' id='word_1_149' title='bbox 1213 2144 1323 2224; x_wconf 72' lang='lat' dir='ltr'><strong>qum</strong></span> <span class='ocrx_word' id='word_1_150' title='bbox 1347 2126 1487 2199; x_wconf 87' lang='lat' dir='ltr'><strong>domini</strong></span> <span class='ocrx_word' id='word_1_151' title='bbox 1500 2131 1676 2199; x_wconf 81' lang='lat' dir='ltr'><strong>Fnideriei</strong></span> <span class='ocrx_word' id='word_1_152' title='bbox 1693 2133 1762 2201; x_wconf 80' lang='lat' dir='ltr'><strong>Aui</strong></span> 
     </span>
    </p>
   </div>
   <div class='ocr_carea' id='block_1_10' title="bbox 346 2227 1774 4015">
    <p class='ocr_par' dir='ltr' id='par_1_10' title="bbox 346 2227 1774 4015">
     <span class='ocr_line' id='line_1_19' title="bbox 358 2227 1765 2319; baseline -0.001 -17"><span class='ocrx_word' id='word_1_153' title='bbox 358 2271 363 2284; x_wconf 88' lang='lat'><strong><em>.</em></strong></span> <span class='ocrx_word' id='word_1_154' title='bbox 392 2231 508 2302; x_wconf 85' lang='lat' dir='ltr'><strong>nostri</strong></span> <span class='ocrx_word' id='word_1_155' title='bbox 534 2231 762 2319; x_wconf 84' lang='lat' dir='ltr'><strong>imperatoris</strong></span> <span class='ocrx_word' id='word_1_156' title='bbox 788 2230 961 2298; x_wconf 88' lang='lat' dir='ltr'><strong>memorie</strong></span> <span class='ocrx_word' id='word_1_157' title='bbox 988 2227 1104 2300; x_wconf 81' lang='lat' dir='ltr'><strong>felicis</strong></span> <span class='ocrx_word' id='word_1_158' title='bbox 1129 2229 1299 2317; x_wconf 84' lang='lat' dir='ltr'><strong>edietum,</strong></span> <span class='ocrx_word' id='word_1_159' title='bbox 1324 2231 1424 2300; x_wconf 85' lang='lat' dir='ltr'><strong>omni</strong></span> <span class='ocrx_word' id='word_1_160' title='bbox 1451 2247 1521 2300; x_wconf 85' lang='lat' dir='ltr'><strong>eno</strong></span> <span class='ocrx_word' id='word_1_161' title='bbox 1538 2241 1657 2300; x_wconf 87' lang='lat' dir='ltr'><strong>ratum</strong></span> <span class='ocrx_word' id='word_1_162' title='bbox 1678 2251 1765 2300; x_wconf 88' lang='lat' dir='ltr'><strong>eon·</strong></span> 
     </span>
     <span class='ocr_line' id='line_1_20' title="bbox 347 2324 1768 2422; baseline 0.003 -22"><span class='ocrx_word' id='word_1_163' title='bbox 347 2327 352 2338; x_wconf 84' lang='lat'><em>&#39;</em></span> <span class='ocrx_word' id='word_1_164' title='bbox 393 2341 559 2400; x_wconf 88' lang='lat' dir='ltr'><strong>seruetur</strong></span> <span class='ocrx_word' id='word_1_165' title='bbox 586 2340 621 2398; x_wconf 90' lang='lat' dir='ltr'><strong>et</strong></span> <span class='ocrx_word' id='word_1_166' title='bbox 645 2331 807 2418; x_wconf 74' lang='grc' dir='ltr'>ῆιΙ,ιιιιιΙιιι</span> <span class='ocrx_word' id='word_1_167' title='bbox 843 2337 879 2397; x_wconf 92' lang='lat' dir='ltr'><strong>et</strong></span> <span class='ocrx_word' id='word_1_168' title='bbox 902 2330 922 2397; x_wconf 78' lang='lat' dir='ltr'><strong>i</strong></span> <span class='ocrx_word' id='word_1_169' title='bbox 949 2324 1045 2396; x_wconf 83' lang='lat' dir='ltr'><strong>riulla</strong></span> <span class='ocrx_word' id='word_1_170' title='bbox 1069 2352 1227 2422; x_wconf 88' lang='lat' dir='ltr'><strong>persona</strong></span> <span class='ocrx_word' id='word_1_171' title='bbox 1250 2329 1404 2400; x_wconf 88' lang='lat' dir='ltr'><strong>seculari</strong></span> <span class='ocrx_word' id='word_1_172' title='bbox 1436 2332 1494 2400; x_wconf 83' lang='lat' dir='ltr'><strong>vai</strong></span> <span class='ocrx_word' id='word_1_173' title='bbox 1515 2331 1768 2404; x_wconf 72' lang='lat' dir='ltr'><strong>Ecclesiasticus</strong></span> 
     </span>
     <span class='ocr_line' id='line_1_21' title="bbox 393 2408 1765 2524; baseline 0.001 -25"><span class='ocrx_word' id='word_1_174' title='bbox 393 2433 510 2501; x_wconf 82' lang='lat' dir='ltr'><strong>valent</strong></span> <span class='ocrx_word' id='word_1_175' title='bbox 546 2429 690 2497; x_wconf 86' lang='lat' dir='ltr'><strong>imutari</strong></span> <span class='ocrx_word' id='word_1_176' title='bbox 727 2425 954 2510; x_wconf 83' lang='lat' dir='ltr'><strong>(immutari)</strong></span> <span class='ocrx_word' id='word_1_177' title='bbox 996 2447 1123 2504; x_wconf 85' lang='lat' dir='ltr'><strong>eorum</strong></span> <span class='ocrx_word' id='word_1_178' title='bbox 1156 2429 1359 2524; x_wconf 80' lang='lat' dir='ltr'><strong>priuilegia</strong></span> <span class='ocrx_word' id='word_1_179' title='bbox 1367 2429 1580 2500; x_wconf 83' lang='lat' dir='ltr'><strong>duximus</strong></span> <span class='ocrx_word' id='word_1_180' title='bbox 1586 2408 1765 2520; x_wconf 76' lang='lat' dir='ltr'><strong>perpetue</strong></span> 
     </span>
     <span class='ocr_line' id='line_1_22' title="bbox 393 2521 1770 2621; baseline 0.001 -23"><span class='ocrx_word' id='word_1_181' title='bbox 393 2528 648 2600; x_wconf 83' lang='lat' dir='ltr'><strong>confirmanda</strong></span> <span class='ocrx_word' id='word_1_182' title='bbox 699 2527 745 2595; x_wconf 86' lang='lat' dir='ltr'><strong>Et</strong></span> <span class='ocrx_word' id='word_1_183' title='bbox 769 2527 853 2620; x_wconf 87' lang='lat' dir='ltr'><strong>quia</strong></span> <span class='ocrx_word' id='word_1_184' title='bbox 878 2521 1030 2618; x_wconf 78' lang='lat' dir='ltr'><strong>insuper</strong></span> <span class='ocrx_word' id='word_1_185' title='bbox 1055 2529 1288 2598; x_wconf 82' lang='lat' dir='ltr'><strong>Aduocatiam</strong></span> <span class='ocrx_word' id='word_1_186' title='bbox 1312 2529 1452 2621; x_wconf 86' lang='lat' dir='ltr'><strong>prefate</strong></span> <span class='ocrx_word' id='word_1_187' title='bbox 1471 2530 1770 2600; x_wconf 87' lang='lat' dir='ltr'><strong>Outtenburnen·</strong></span> 
     </span>
     <span class='ocr_line' id='line_1_23' title="bbox 391 2623 1761 2720; baseline -0.002 -20"><span class='ocrx_word' id='word_1_188' title='bbox 391 2631 440 2700; x_wconf 87' lang='lat' dir='ltr'><strong>sis</strong></span> <span class='ocrx_word' id='word_1_189' title='bbox 466 2623 664 2698; x_wconf 80' lang='lat' dir='ltr'><strong>Ecclesia</strong></span> <span class='ocrx_word' id='word_1_190' title='bbox 653 2649 691 2696; x_wconf 86' lang='lat' dir='ltr'><strong>sn</strong></span> <span class='ocrx_word' id='word_1_191' title='bbox 717 2626 825 2698; x_wconf 84' lang='lat' dir='ltr'><strong>feudo</strong></span> <span class='ocrx_word' id='word_1_192' title='bbox 852 2650 963 2720; x_wconf 89' lang='lat' dir='ltr'><strong>per</strong></span> <span class='ocrx_word' id='word_1_193' title='bbox 934 2628 1140 2696; x_wconf 85' lang='lat' dir='ltr'><strong>Conradum</strong></span> <span class='ocrx_word' id='word_1_194' title='bbox 1159 2630 1333 2699; x_wconf 84' lang='lat' dir='ltr'><strong>Abbatem</strong></span> <span class='ocrx_word' id='word_1_195' title='bbox 1358 2627 1519 2698; x_wconf 89' lang='lat' dir='ltr'><strong>eiusdem</strong></span> <span class='ocrx_word' id='word_1_196' title='bbox 1546 2629 1761 2703; x_wconf 81' lang='lat' dir='ltr'><strong>monasterii</strong></span> 
     </span>
     <span class='ocr_line' id='line_1_24' title="bbox 390 2727 1760 2820; baseline 0.001 -22"><span class='ocrx_word' id='word_1_197' title='bbox 390 2730 495 2800; x_wconf 89' lang='lat' dir='ltr'><strong>nobis</strong></span> <span class='ocrx_word' id='word_1_198' title='bbox 520 2727 690 2798; x_wconf 90' lang='lat' dir='ltr'><strong>traditam</strong></span> <span class='ocrx_word' id='word_1_199' title='bbox 716 2735 752 2796; x_wconf 89' lang='lat' dir='ltr'><strong>st</strong></span> <span class='ocrx_word' id='word_1_200' title='bbox 774 2749 1000 2812; x_wconf 89' lang='lat' dir='ltr'><strong>concessam,</strong></span> <span class='ocrx_word' id='word_1_201' title='bbox 1026 2728 1232 2820; x_wconf 83' lang='lat' dir='ltr'><strong>supradicto</strong></span> <span class='ocrx_word' id='word_1_202' title='bbox 1259 2729 1334 2800; x_wconf 82' lang='lat' dir='ltr'><strong>filie</strong></span> <span class='ocrx_word' id='word_1_203' title='bbox 1359 2739 1487 2800; x_wconf 86' lang='lat' dir='ltr'><strong>nostro</strong></span> <span class='ocrx_word' id='word_1_204' title='bbox 1514 2728 1595 2798; x_wconf 88' lang='lat' dir='ltr'><strong>duci</strong></span> <span class='ocrx_word' id='word_1_205' title='bbox 1624 2727 1760 2802; x_wconf 85' lang='lat' dir='ltr'><strong>Sueuo-</strong></span> 
     </span>
     <span class='ocr_line' id='line_1_25' title="bbox 390 2824 1762 2920; baseline 0.001 -24"><span class='ocrx_word' id='word_1_206' title='bbox 390 2853 470 2898; x_wconf 86' lang='lat' dir='ltr'><strong>rmn</strong></span> <span class='ocrx_word' id='word_1_207' title='bbox 492 2838 529 2898; x_wconf 91' lang='lat' dir='ltr'><strong>et</strong></span> <span class='ocrx_word' id='word_1_208' title='bbox 550 2824 759 2920; x_wconf 76' lang='lat' dir='ltr'><strong>Burgundio</strong></span> <span class='ocrx_word' id='word_1_209' title='bbox 785 2827 930 2898; x_wconf 84' lang='lat' dir='ltr'><strong>Rectori</strong></span> <span class='ocrx_word' id='word_1_210' title='bbox 955 2829 1216 2918; x_wconf 76' lang='lat' dir='ltr'><strong>concessimus,</strong></span> <span class='ocrx_word' id='word_1_211' title='bbox 1256 2828 1467 2916; x_wconf 74' lang='lat' dir='ltr'><strong>statuimus,</strong></span> <span class='ocrx_word' id='word_1_212' title='bbox 1507 2837 1546 2899; x_wconf 82' lang='lat' dir='ltr'><strong>vt</strong></span> <span class='ocrx_word' id='word_1_213' title='bbox 1572 2827 1762 2898; x_wconf 87' lang='lat' dir='ltr'><strong>aduocatia</strong></span> 
     </span>
     <span class='ocr_line' id='line_1_26' title="bbox 391 2926 1769 3021; baseline -0.002 -21"><span class='ocrx_word' id='word_1_214' title='bbox 391 2936 470 3021; x_wconf 87' lang='lat' dir='ltr'><strong>ipsa</strong></span> <span class='ocrx_word' id='word_1_215' title='bbox 495 2931 595 2998; x_wconf 90' lang='lat' dir='ltr'><strong>nullo</strong></span> <span class='ocrx_word' id='word_1_216' title='bbox 621 2926 729 2996; x_wconf 87' lang='lat' dir='ltr'><strong>modo</strong></span> <span class='ocrx_word' id='word_1_217' title='bbox 755 2928 942 3002; x_wconf 84' lang='lat' dir='ltr'><strong>alienetur.</strong></span> <span class='ocrx_word' id='word_1_218' title='bbox 968 2929 1032 2998; x_wconf 90' lang='lat' dir='ltr'><strong>sed</strong></span> <span class='ocrx_word' id='word_1_219' title='bbox 1057 2929 1172 2998; x_wconf 88' lang='lat' dir='ltr'><strong>eidem</strong></span> <span class='ocrx_word' id='word_1_220' title='bbox 1200 2929 1280 2996; x_wconf 85' lang='lat' dir='ltr'><strong>duci</strong></span> <span class='ocrx_word' id='word_1_221' title='bbox 1307 2929 1382 2996; x_wconf 88' lang='lat' dir='ltr'><strong>filio</strong></span> <span class='ocrx_word' id='word_1_222' title='bbox 1404 2928 1769 3000; x_wconf 83' lang='lat' dir='ltr'><strong>nostrodabituran·</strong></span> 
     </span>
     <span class='ocr_line' id='line_1_27' title="bbox 393 3025 1770 3118; baseline -0.001 -17"><span class='ocrx_word' id='word_1_223' title='bbox 393 3029 530 3101; x_wconf 86' lang='lat' dir='ltr'><strong>nuatim</strong></span> <span class='ocrx_word' id='word_1_224' title='bbox 557 3025 602 3094; x_wconf 86' lang='lat' dir='ltr'><strong>de</strong></span> <span class='ocrx_word' id='word_1_225' title='bbox 628 3028 789 3118; x_wconf 87' lang='lat' dir='ltr'><strong>qualibet</strong></span> <span class='ocrx_word' id='word_1_226' title='bbox 814 3027 944 3093; x_wconf 90' lang='lat' dir='ltr'><strong>Huoba</strong></span> <span class='ocrx_word' id='word_1_227' title='bbox 969 3027 1037 3094; x_wconf 90' lang='lat' dir='ltr'><strong>sita</strong></span> <span class='ocrx_word' id='word_1_228' title='bbox 1063 3027 1100 3094; x_wconf 91' lang='lat' dir='ltr'><strong>in</strong></span> <span class='ocrx_word' id='word_1_229' title='bbox 1127 3048 1169 3095; x_wconf 86' lang='lat' dir='ltr'><strong>ea</strong></span> <span class='ocrx_word' id='word_1_230' title='bbox 1194 3037 1316 3115; x_wconf 85' lang='lat' dir='ltr'><strong>parte,</strong></span> <span class='ocrx_word' id='word_1_231' title='bbox 1341 3047 1413 3117; x_wconf 87' lang='lat' dir='ltr'><strong>que</strong></span> <span class='ocrx_word' id='word_1_232' title='bbox 1431 3025 1509 3095; x_wconf 86' lang='lat' dir='ltr'><strong>Geu</strong></span> <span class='ocrx_word' id='word_1_233' title='bbox 1536 3027 1669 3096; x_wconf 87' lang='lat' dir='ltr'><strong>dicitnr</strong></span> <span class='ocrx_word' id='word_1_234' title='bbox 1693 3049 1770 3099; x_wconf 89' lang='lat' dir='ltr'><strong>mo·</strong></span> 
     </span>
     <span class='ocr_line' id='line_1_28' title="bbox 395 3100 1770 3214; baseline 0.001 -18"><span class='ocrx_word' id='word_1_235' title='bbox 395 3121 477 3202; x_wconf 80' lang='lat' dir='ltr'><strong>dius</strong></span> <span class='ocrx_word' id='word_1_236' title='bbox 501 3119 632 3210; x_wconf 90' lang='lat' dir='ltr'><strong>tritici,</strong></span> <span class='ocrx_word' id='word_1_237' title='bbox 661 3132 697 3192; x_wconf 86' lang='lat' dir='ltr'><strong>et</strong></span> <span class='ocrx_word' id='word_1_238' title='bbox 723 3100 863 3190; x_wconf 87' lang='lat' dir='ltr'><strong>modius</strong></span> <span class='ocrx_word' id='word_1_239' title='bbox 889 3124 1062 3213; x_wconf 81' lang='lat' dir='ltr'><strong>siliginis,</strong></span> <span class='ocrx_word' id='word_1_240' title='bbox 1088 3133 1124 3192; x_wconf 90' lang='lat' dir='ltr'><strong>et</strong></span> <span class='ocrx_word' id='word_1_241' title='bbox 1148 3145 1282 3214; x_wconf 79' lang='lat' dir='ltr'><strong>agnus,</strong></span> <span class='ocrx_word' id='word_1_242' title='bbox 1308 3126 1366 3194; x_wconf 85' lang='lat' dir='ltr'><strong>vei</strong></span> <span class='ocrx_word' id='word_1_243' title='bbox 1391 3126 1517 3196; x_wconf 85' lang='lat' dir='ltr'><strong>desem</strong></span> <span class='ocrx_word' id='word_1_244' title='bbox 1544 3139 1581 3196; x_wconf 91' lang='lat' dir='ltr'><strong>et</strong></span> <span class='ocrx_word' id='word_1_245' title='bbox 1606 3135 1690 3198; x_wconf 88' lang='lat' dir='ltr'><strong>octo</strong></span> <span class='ocrx_word' id='word_1_246' title='bbox 1707 3126 1770 3197; x_wconf 90' lang='lat' dir='ltr'><strong>de·</strong></span> 
     </span>
     <span class='ocr_line' id='line_1_29' title="bbox 346 3217 1771 3316; baseline 0.002 -21"><span class='ocrx_word' id='word_1_247' title='bbox 346 3304 349 3313; x_wconf 75' lang='grc' dir='ltr'>Ι</span> <span class='ocrx_word' id='word_1_248' title='bbox 395 3223 502 3309; x_wconf 80' lang='lat' dir='ltr'><strong>narii,</strong></span> <span class='ocrx_word' id='word_1_249' title='bbox 539 3234 576 3290; x_wconf 88' lang='lat' dir='ltr'><strong>et</strong></span> <span class='ocrx_word' id='word_1_250' title='bbox 603 3221 647 3290; x_wconf 90' lang='lat' dir='ltr'><strong>de</strong></span> <span class='ocrx_word' id='word_1_251' title='bbox 673 3222 834 3313; x_wconf 86' lang='lat' dir='ltr'><strong>qualibet</strong></span> <span class='ocrx_word' id='word_1_252' title='bbox 859 3221 991 3291; x_wconf 87' lang='lat' dir='ltr'><strong>Huoba</strong></span> <span class='ocrx_word' id='word_1_253' title='bbox 1019 3217 1089 3291; x_wconf 88' lang='lat' dir='ltr'><strong>sita</strong></span> <span class='ocrx_word' id='word_1_254' title='bbox 1114 3223 1152 3290; x_wconf 90' lang='lat' dir='ltr'><strong>in</strong></span> <span class='ocrx_word' id='word_1_255' title='bbox 1178 3233 1281 3313; x_wconf 86' lang='lat' dir='ltr'><strong>parte</strong></span> <span class='ocrx_word' id='word_1_256' title='bbox 1306 3223 1392 3312; x_wconf 87' lang='lat' dir='ltr'><strong>ilia,</strong></span> <span class='ocrx_word' id='word_1_257' title='bbox 1431 3247 1514 3316; x_wconf 85' lang='lat' dir='ltr'><strong>que</strong></span> <span class='ocrx_word' id='word_1_258' title='bbox 1528 3228 1603 3296; x_wconf 78' lang='lat' dir='ltr'><strong>&#39;Pan</strong></span> <span class='ocrx_word' id='word_1_259' title='bbox 1635 3227 1771 3298; x_wconf 88' lang='lat' dir='ltr'><strong>dieitur</strong></span> 
     </span>
     <span class='ocr_line' id='line_1_30' title="bbox 393 3322 1768 3416; baseline 0.004 -25"><span class='ocrx_word' id='word_1_260' title='bbox 393 3326 583 3400; x_wconf 83' lang='lat' dir='ltr'><strong>mattarum</strong></span> <span class='ocrx_word' id='word_1_261' title='bbox 608 3342 742 3406; x_wconf 89' lang='lat' dir='ltr'><strong>auene,</strong></span> <span class='ocrx_word' id='word_1_262' title='bbox 781 3331 978 3410; x_wconf 78' lang='lat' dir='ltr'><strong>stagnus,</strong></span> <span class='ocrx_word' id='word_1_263' title='bbox 1014 3323 1076 3390; x_wconf 86' lang='lat' dir='ltr'><strong>uei</strong></span> <span class='ocrx_word' id='word_1_264' title='bbox 1109 3322 1235 3392; x_wconf 87' lang='lat' dir='ltr'><strong>decem</strong></span> <span class='ocrx_word' id='word_1_265' title='bbox 1261 3333 1297 3392; x_wconf 90' lang='lat' dir='ltr'><strong>et</strong></span> <span class='ocrx_word' id='word_1_266' title='bbox 1323 3335 1406 3410; x_wconf 83' lang='lat' dir='ltr'><strong>octo</strong></span> <span class='ocrx_word' id='word_1_267' title='bbox 1432 3325 1582 3416; x_wconf 89' lang='lat' dir='ltr'><strong>denarij.</strong></span> <span class='ocrx_word' id='word_1_268' title='bbox 1608 3325 1654 3396; x_wconf 90' lang='lat' dir='ltr'><strong>de</strong></span> <span class='ocrx_word' id='word_1_269' title='bbox 1681 3327 1768 3402; x_wconf 82' lang='lat' dir='ltr'><strong>vitta</strong></span> 
     </span>
     <span class='ocr_line' id='line_1_31' title="bbox 392 3421 1769 3502; baseline -0.003 -1"><span class='ocrx_word' id='word_1_270' title='bbox 392 3427 479 3502; x_wconf 81' lang='lat' dir='ltr'><strong>verb</strong></span> <span class='ocrx_word' id='word_1_271' title='bbox 507 3421 815 3496; x_wconf 84' lang='lat' dir='ltr'><strong>Outtenburnensi</strong></span> <span class='ocrx_word' id='word_1_272' title='bbox 841 3421 1022 3490; x_wconf 89' lang='lat' dir='ltr'><strong>dabuntur</strong></span> <span class='ocrx_word' id='word_1_273' title='bbox 1046 3424 1230 3491; x_wconf 88' lang='lat' dir='ltr'><strong>annuatim</strong></span> <span class='ocrx_word' id='word_1_274' title='bbox 1255 3446 1318 3494; x_wconf 80' lang='lat' dir='ltr'><strong>sex</strong></span> <span class='ocrx_word' id='word_1_275' title='bbox 1332 3421 1427 3492; x_wconf 86' lang='lat' dir='ltr'><strong>libre</strong></span> <span class='ocrx_word' id='word_1_276' title='bbox 1451 3426 1489 3492; x_wconf 92' lang='lat' dir='ltr'><strong>in</strong></span> <span class='ocrx_word' id='word_1_277' title='bbox 1503 3428 1669 3496; x_wconf 86' lang='lat' dir='ltr'><strong>collecta.</strong></span> <span class='ocrx_word' id='word_1_278' title='bbox 1712 3430 1769 3497; x_wconf 88' lang='lat' dir='ltr'><strong>in·</strong></span> 
     </span>
     <span class='ocr_line' id='line_1_32' title="bbox 394 3519 1771 3611; baseline -0.001 -14"><span class='ocrx_word' id='word_1_279' title='bbox 394 3523 568 3602; x_wconf 81' lang='lat' dir='ltr'><strong>duisimus</strong></span> <span class='ocrx_word' id='word_1_280' title='bbox 595 3519 704 3591; x_wconf 86' lang='lat' dir='ltr'><strong>etiam</strong></span> <span class='ocrx_word' id='word_1_281' title='bbox 729 3525 798 3590; x_wconf 73' lang='lat' dir='ltr'><strong>vni</strong></span> <span class='ocrx_word' id='word_1_282' title='bbox 824 3521 1011 3611; x_wconf 88' lang='lat' dir='ltr'><strong>cumipse</strong></span> <span class='ocrx_word' id='word_1_283' title='bbox 1037 3521 1118 3592; x_wconf 85' lang='lat' dir='ltr'><strong>titio</strong></span> <span class='ocrx_word' id='word_1_284' title='bbox 1139 3531 1284 3609; x_wconf 87' lang='lat' dir='ltr'><strong>nostro,</strong></span> <span class='ocrx_word' id='word_1_285' title='bbox 1318 3533 1356 3592; x_wconf 86' lang='lat' dir='ltr'><strong>vt</strong></span> <span class='ocrx_word' id='word_1_286' title='bbox 1389 3525 1499 3594; x_wconf 89' lang='lat' dir='ltr'><strong>liceat</strong></span> <span class='ocrx_word' id='word_1_287' title='bbox 1529 3523 1771 3597; x_wconf 86' lang='lat' dir='ltr'><strong>ministeriaii·</strong></span> 
     </span>
     <span class='ocr_line' id='line_1_33' title="bbox 392 3619 1773 3718; baseline -0.003 -16"><span class='ocrx_word' id='word_1_288' title='bbox 392 3631 482 3716; x_wconf 88' lang='lat' dir='ltr'><strong>bus,</strong></span> <span class='ocrx_word' id='word_1_289' title='bbox 510 3633 548 3691; x_wconf 87' lang='lat' dir='ltr'><strong>et</strong></span> <span class='ocrx_word' id='word_1_290' title='bbox 570 3621 590 3708; x_wconf 65' lang='lat' dir='ltr'><strong>a</strong></span> <span class='ocrx_word' id='word_1_291' title='bbox 615 3623 721 3692; x_wconf 89' lang='lat' dir='ltr'><strong>nobis</strong></span> <span class='ocrx_word' id='word_1_292' title='bbox 748 3619 854 3689; x_wconf 85' lang='lat' dir='ltr'><strong>feuda</strong></span> <span class='ocrx_word' id='word_1_293' title='bbox 881 3621 1098 3692; x_wconf 74' lang='lat' dir='ltr'><strong>habentibus</strong></span> <span class='ocrx_word' id='word_1_294' title='bbox 1123 3623 1168 3690; x_wconf 90' lang='lat' dir='ltr'><strong>ad</strong></span> <span class='ocrx_word' id='word_1_295' title='bbox 1187 3623 1383 3714; x_wconf 87' lang='lat' dir='ltr'><strong>Imperium</strong></span> <span class='ocrx_word' id='word_1_296' title='bbox 1398 3626 1461 3690; x_wconf 82' lang='lat' dir='ltr'><strong>sed</strong></span> <span class='ocrx_word' id='word_1_297' title='bbox 1476 3622 1657 3695; x_wconf 83' lang='lat' dir='ltr'><strong>ducatum</strong></span> <span class='ocrx_word' id='word_1_298' title='bbox 1671 3647 1773 3718; x_wconf 87' lang='lat' dir='ltr'><strong>spec·</strong></span> 
     </span>
     <span class='ocr_line' id='line_1_34' title="bbox 397 3721 1771 3812; baseline -0.003 -10"><span class='ocrx_word' id='word_1_299' title='bbox 397 3729 530 3809; x_wconf 86' lang='lat' dir='ltr'><strong>tantia,</strong></span> <span class='ocrx_word' id='word_1_300' title='bbox 566 3722 654 3792; x_wconf 90' lang='lat' dir='ltr'><strong>dare</strong></span> <span class='ocrx_word' id='word_1_301' title='bbox 680 3721 831 3790; x_wconf 87' lang='lat' dir='ltr'><strong>ecclesie</strong></span> <span class='ocrx_word' id='word_1_302' title='bbox 846 3721 1155 3791; x_wconf 86' lang='lat' dir='ltr'><strong>Outtenburnensi</strong></span> <span class='ocrx_word' id='word_1_303' title='bbox 1181 3745 1223 3792; x_wconf 89' lang='lat' dir='ltr'><strong>ea</strong></span> <span class='ocrx_word' id='word_1_304' title='bbox 1250 3744 1318 3812; x_wconf 91' lang='lat' dir='ltr'><strong>pro</strong></span> <span class='ocrx_word' id='word_1_305' title='bbox 1344 3723 1419 3793; x_wconf 87' lang='lat' dir='ltr'><strong>suia</strong></span> <span class='ocrx_word' id='word_1_306' title='bbox 1439 3724 1639 3796; x_wconf 86' lang='lat' dir='ltr'><strong>animabus.</strong></span> <span class='ocrx_word' id='word_1_307' title='bbox 1677 3727 1771 3798; x_wconf 74' lang='lat' dir='ltr'><strong>[ten</strong></span> 
     </span>
     <span class='ocr_line' id='line_1_35' title="bbox 397 3819 1769 3916; baseline 0.001 -20"><span class='ocrx_word' id='word_1_308' title='bbox 397 3831 428 3900; x_wconf 83' lang='lat' dir='ltr'><strong>si</strong></span> <span class='ocrx_word' id='word_1_309' title='bbox 461 3822 625 3896; x_wconf 84' lang='lat' dir='ltr'><strong>minister</strong></span> <span class='ocrx_word' id='word_1_310' title='bbox 659 3821 820 3891; x_wconf 85' lang='lat' dir='ltr'><strong>eiusdem</strong></span> <span class='ocrx_word' id='word_1_311' title='bbox 853 3819 917 3909; x_wconf 87' lang='lat' dir='ltr'><strong>filij</strong></span> <span class='ocrx_word' id='word_1_312' title='bbox 956 3821 1070 3889; x_wconf 84' lang='lat' dir='ltr'><strong>nostri</strong></span> <span class='ocrx_word' id='word_1_313' title='bbox 1110 3844 1219 3912; x_wconf 88' lang='lat' dir='ltr'><strong>super</strong></span> <span class='ocrx_word' id='word_1_314' title='bbox 1251 3824 1329 3913; x_wconf 91' lang='lat' dir='ltr'><strong>ipsa</strong></span> <span class='ocrx_word' id='word_1_315' title='bbox 1363 3823 1514 3894; x_wconf 84' lang='lat' dir='ltr'><strong>eeclesia</strong></span> <span class='ocrx_word' id='word_1_316' title='bbox 1539 3822 1769 3916; x_wconf 86' lang='lat' dir='ltr'><strong>constitutus,</strong></span> 
     </span>
     <span class='ocr_line' id='line_1_36' title="bbox 398 3919 1774 4015; baseline -0.003 -14"><span class='ocrx_word' id='word_1_317' title='bbox 398 3929 496 4001; x_wconf 84' lang='lat' dir='ltr'><strong>eirea</strong></span> <span class='ocrx_word' id='word_1_318' title='bbox 521 3923 640 4012; x_wconf 86' lang='lat' dir='ltr'><strong>ipsum</strong></span> <span class='ocrx_word' id='word_1_319' title='bbox 668 3919 927 3989; x_wconf 80' lang='lat' dir='ltr'><strong>monasterinm</strong></span> <span class='ocrx_word' id='word_1_320' title='bbox 953 3920 1089 4014; x_wconf 85' lang='lat' dir='ltr'><strong>aliquid</strong></span> <span class='ocrx_word' id='word_1_321' title='bbox 1114 3923 1283 4015; x_wconf 86' lang='lat' dir='ltr'><strong>nequiter</strong></span> <span class='ocrx_word' id='word_1_322' title='bbox 1308 3921 1444 4011; x_wconf 85' lang='lat' dir='ltr'><strong>egerit,</strong></span> <span class='ocrx_word' id='word_1_323' title='bbox 1481 3919 1527 3992; x_wconf 80' lang='lat' dir='ltr'><strong>a&#39;d</strong></span> <span class='ocrx_word' id='word_1_324' title='bbox 1561 3945 1688 4015; x_wconf 88' lang='lat' dir='ltr'><strong>preeas</strong></span> <span class='ocrx_word' id='word_1_325' title='bbox 1713 3927 1774 3996; x_wconf 89' lang='lat' dir='ltr'><strong>ab·</strong></span> 
     </span>
    </p>
   </div>
   <div class='ocr_carea' id='block_1_11' title="bbox 284 4018 1778 4121">
    <p class='ocr_par' dir='ltr' id='par_1_11' title="bbox 284 4018 1778 4121">
     <span class='ocr_line' id='line_1_37' title="bbox 284 4018 1778 4121; baseline 0.012 -37"><span class='ocrx_word' id='word_1_326' title='bbox 284 4024 294 4054; x_wconf 78' lang='lat'><em>⁴</em></span> <span class='ocrx_word' id='word_1_327' title='bbox 404 4027 500 4104; x_wconf 60' lang='lat' dir='ltr'><strong>batia</strong></span> <span class='ocrx_word' id='word_1_328' title='bbox 532 4021 672 4120; x_wconf 57' lang='lat' dir='ltr'><strong>debeat</strong></span> <span class='ocrx_word' id='word_1_329' title='bbox 693 4020 866 4092; x_wconf 80' lang='lat' dir='ltr'><strong>amoueri·</strong></span> <span class='ocrx_word' id='word_1_330' title='bbox 930 4019 984 4090; x_wconf 76' lang='lat' dir='ltr'><strong>Ad</strong></span> <span class='ocrx_word' id='word_1_331' title='bbox 1017 4021 1119 4093; x_wconf 86' lang='lat' dir='ltr'><strong>euius</strong></span> <span class='ocrx_word' id='word_1_332' title='bbox 1145 4018 1200 4098; x_wconf 86' lang='lat' dir='ltr'><strong>rei</strong></span> <span class='ocrx_word' id='word_1_333' title='bbox 1226 4031 1439 4112; x_wconf 79' lang='lat' dir='ltr'><strong>perpetuam</strong></span> <span class='ocrx_word' id='word_1_334' title='bbox 1463 4021 1674 4099; x_wconf 75' lang='lat' dir='ltr'><strong>firmitatem</strong></span> <span class='ocrx_word' id='word_1_335' title='bbox 1695 4046 1778 4121; x_wconf 81' lang='lat' dir='ltr'><strong>prs·</strong></span> 
     </span>
    </p>
   </div>
   <div class='ocr_carea' id='block_1_12' title="bbox 0 0 1915 4708">
    <p class='ocr_par' dir='ltr' id='par_1_12' title="bbox 0 0 1915 4708">
     <span class='ocr_line' id='line_1_38' title="bbox 0 0 1915 4708; baseline 0 0"><span class='ocrx_word' id='word_1_336' title='bbox 0 0 1915 4708; x_wconf 95' lang='lat' dir='ltr'><strong> </strong></span> 
     </span>
    </p>
   </div>
  </div>
 </body>
</html>
