3864 4728
705 375 832 484 episc.
864 367 1017 462 Patav..
1252 317 1257 328 »
1484 388 1541 478 23

162 617 244 705 oiie,
285 613 329 684 ad
364 611 607 704 pataviensem
634 603 840 678 'Ecclesiam
874 610 989 680 libere
1022 621 1059 679 et
1084 607 1247 680 absolute
1274 611 1393 685 redire
1417 607 1544 706 debet,

167 711 454 790 contradictione
488 711 650 805 qualibet
675 731 748 777 non
775 711 963 796 obstante,
1005 711 1042 779 in
1068 712 1171 780 cuiue
1197 713 1249 780 rei
1278 715 1544 804 testimonium,

95 863 100 870 ·
159 827 344 913 preeentee
369 813 533 884 dedimus
558 811 708 895 litterae,
735 808 861 898 nostri,
892 819 927 878 et
954 809 1106 900 pre’dieti
1132 805 1252 882 fidelia
1273 813 1398 884 noetri.
1450 817 1544 885 bud-

134 911 245 992 'wiei
294 915 516 997 Graneonie,
564 911 767 1000 sigillorum
800 908 933 978 robore
970 909 1215 980 communitae.
1278 916 1409 982 Datum
1448 917 1542 1005 apud

89 1007 111 1046 ⁸
161 1013 422 1092 Burconem.
446 1015 512 1082 M0.
529 1011 642 1080 000⁰.
656 1013 807 1106 Quarto.
824 1012 862 1078 in
875 1011 1062 1081 Diuisione
1076 1013 1543 1104 beatorumApoetolorum,

253 1226 269 1254 *
295 1215 487 1296 appendent
521 1211 724 1276 solummodo
757 1211 820 1272 duo
844 1211 973 1298 sigillo,
1007 1229 1125 1292 nempe
1152 1211 1280 1278 Ottooie
1306 1213 1396 1278 duoie
1422 1225 1454 1276 et
1479 1217 1544 1276 Lu·

303 1313 407 1376 dorici
440 1315 556 1376 Graue.
615 1311 700 1374 lilud
735 1323 782 1372 ent
807 1312 951 1398 sigillum
980 1322 1143 1391 equestre,
1178 1311 1239 1374 hoo
1264 1335 1331 1376 non
1357 1313 1449 1378 offert
1473 1335 1543 1398 ectr·¹

306 1427 374 1478 tum
410 1396 609 1501 gentilitium
645 1411 699 1476 eed
734 1409 805 1472 lo'co
832 1409 1053 1509 ejuelliterem
1080 1411 1118 1472 L.
1146 1413 1359 1496 (Ludorious)
1385 1413 1544 1476 mire'de·

307 1523 445 1578 conatam
481 1511 517 1574 in
552 1533 622 1576 nere
655 1509 814 1574 nnbrubra
839 1531 913 1574 oum
937 1508 1166 1594 inscriptione:
1193 1513 1226 1576 S.
1254 1514 1434 1603 (igilium)
1459 1513 1543 1576 Lud·
1629 1591 1639 1598 -

305 1611 377 1676 wici
405 1613 582 1678 Grannonie
609 1615 784 1676 secretum.

679 1853 1088 1988 ccxxvu.¹

160 2107 409 2222 Capitulum
452 2106 694 2222 pataviense
736 2105 1013 2194 donationem·
1050 2084 1263 2189 Sibotonia
1309 2100 1362 2186 de
1394 2101 1542 2186 Tann-

188 2224 325 2310 berch
354 2252 435 2338 pro
464 2221 752 2308 emeliorando
783 2253 859 2308 aex
888 2224 1147 2308 vicariorum
1175 2221 1292 2339 victu
1310 2237 1511 2334 acceptat.

574 2413 744 2479 Patariee,
771 2424 864 2482 1305.
929 2425 959 2478 t.
988 2412 1110 2476 Martii.

161 2532 214 2662 In
253 2593 400 2662 nomine
434 2593 742 2688 Domlnlltmen.
797 2583 1038 2694 'Godsridua
1069 2591 1128 2662 dei
1163 2537 1290 2662 (iratia
1322 2589 1543 2680 Prepoeitue.
1621 2585 1624 2590 ‘

163 2706 367 2802 Wolfgerue
396 2709 593 2792 Deoanue„
618 2697 825 2800 'Totumque
851 2710 1074 2798 Capitulum,
1111 2705 1332 2778 Patauieneie
1358 2705 1542 2796 Ecclesia,

161 2807 339 2877 vniuereie
375 2806 422 2875 ad
454 2828 545 2900 quoe
579 2811 787 2897 peruenerit
811 2829 960 2898 prereno
985 2809 1183 2900 seriptum,
1223 2809 1380 2877 Salutem
1407 2805 1444 2870 in
1470 2823 1544 2872 om·

162 2909 262 2976 nium
290 2908 480 2977 saluatore.
534 2907 718 2977 Ordinatio
744 2909 780 2975 in
793 2900 914 2978 Ch'oro
940 2918 1065 2976 noatro
1075 2907 1220 2976 Patauio
1246 2928 1313 2997 per
1338 2905 1398 2995 pie
1425 2923 1544 2971 reeor-

163 3007 319 3076 dationis
353 3018 599 3078 nnteoeseoree
626 3019 789 3093 neuros,
822 3004 875 3076 od
897 3016 980 3076 troo
999 3003 1236 3100 prebendo,
1265 3005 1349 3074 Sex
1372 3001 1543 3088 vicariis,

164 3110 230 3176 heo
257 3107 302 3174 ab
328 3107 380 3177 eie
406 3107 452 3176 ad
478 3130 543 3176 noe
571 3111 636 3198 per
662 3109 793 3198 prolixi
822 3109 995 3198 temporie
1022 3108 1200 3175 curricula
1226 3104 1449 3175 consuetudo
1475 3125 1547 3170 ma·

162 3209 282 3294 nauit,
321 3218 359 3275 vt
385 3229 466 3276 oum
496 3203 531 3277 T
528 3227 594 3276 rea
620 3203 753 3278 Ponet
777 3207 822 3276 ad
849 3230 1135 3301 unamquamque
1161 3207 1405 3298 predictarum
1432 3204 1543 3278 trium

109 3373 116 3386 ,
163 3305 428 3398 prebendarum
448 3309 671 3398 Spectantes,
698 3330 770 3377 non
797 3323 952 3400 poeeent
971 3305 1111 3400 equine,
1136 3330 1245 3400 quam
1271 3327 1336 3397 per
1361 3305 1545 3394 integrum

164 3419 199 3476 et
234 3405 420 3476 dimidium
454 3429 585 3499 panem
618 3405 757 3475 duabus
783 3408 975 3498 partifioori
1003 3407 1192 3504 personia,
1225 3405 1384 3476 Daretur
1407 3398 1545 3472 unioni·

165 3529 234 3600 que
270 3508 518 3597 predictorum
557 3529 622 3578 eux
653 3508 873 3578 vicariorum
911 3507 1056 3576 'cottidie
1080 3507 1186 3594 Panie
1211 3507 1355 3598 integer
1378 3515 1416 3573 et
1441 3503 1545 3594 panio

166 3606 353 3694 dimidiae,
381 3609 489 3678 eeluie
516 3608 585 3690 hiis
611 3629 681 3700 que
708 3609 795 3676 alias
820 3607 1013 3700 vniouique
1039 3626 1107 3700 pro
1133 3627 1197 3676 eua
1223 3618 1325 3698 parte
1351 3604 1542 3690 debebant,

166 3731 206 3776 ao
231 3716 400 3800 poterant
425 3707 611 3776 obuenire.
664 3710 798 3776 Uerum
825 3708 1001 3776 Dominus
1028 3708 1154 3775 Siboto
1181 3707 1226 3775 de
1251 3701 1465 3774 Tannborole
1490 3701 1542 3770 di·

47 3804 52 3814 '
172 3809 287 3878 leotue
322 3805 529 3878 inebriato
556 3807 748 3877 Conlreter
781 3817 908 3876 noster
933 3820 967 3875 et
993 3808 1215 3893 (ianonloue,
1252 3804 1546 3897 ergaprediotoa

163 3909 318 3980 vinarios
344 3908 516 3984 iuetinetu
541 3907 666 3977 diuino
690 3907 907 3976 liberalioris
933 3905 1178 3977 munificentie
1195 3908 1285 3975 Zelo
1305 3905 1444 3990 ductus,
1468 3907 1542 3973 Ma·
1625 3893 1628 3906 '

165 4009 260 4076 xime
286 4019 367 4076 oum
394 4009 500 4100 parui
527 4007 762 4077 emolumenti
789 4007 833 4076 ad
859 4027 1009 4098 magnos
1034 4007 1178 4077 laborer
1202 4027 1329 4074 eorum
1354 4026 1427 4074 non
1446 4004 1543 4072 foret

168 4128 259 4198 equa
284 4109 495 4203 proportio,
522 4103 637 4184 Nobie
662 4105 849 4180 humiliter
872 4107 1109 4201 supplicauit,
1141 4115 1180 4178 vt
1205 4105 1362 4198 acceptia
1388 4103 1433 4174 ab
1460 4101 1541 4196 ipso
