3804 4718
407 325 495 416 130
683 343 686 350 ·
794 312 1386 436 Diplomata·1mperetorurn

439 581 440 586 ,
530 567 603 625 mm
628 555 786 642 ,ppffiser
811 577 851 621 ,ι
875 563 1043 643 segmento
1069 550 1331 628 membranaceo,
1358 549 1442 635 quod
1467 559 1562 633 ceput
1584 559 1711 618 tantum
1732 575 1781 622 rs·
1896 543 1898 626 Ῐ

529 659 580 750 31,
604 679 678 721 cum
703 657 804 754 tribus
828 655 944 722 litteris
968 653 1208 736 inscriptionis,
1234 649 1392 715 nimirum
1407 649 1622 736 insipientias
1637 655 1780 722 exhibet.
1897 653 1898 662 ¹

474 809 506 896 d)
531 815 645 876 Annus
670 833 737 875 non
763 825 810 878 ast
835 831 1024 895 expressura
1061 810 1196 875 indictio
1229 821 1358 888 umen,
1390 807 1475 875 diota
1507 827 1667 890 caesarea,
1703 825 1782 880 tunc

459 939 461 944 ·
530 909 792 997 frequentissime
818 923 989 995 usurpate,
1015 903 1140 976 annum
1170 921 1266 977 1224.
1294 912 1441 986 denotat,
1468 909 1520 973 cui
1545 913 1715 979 concordat
1736 915 1783 999 ip-
1897 961 1899 1000 {

527 1033 605 1080 sum
632 1012 818 1077 concordiae
841 1013 1096 1078 instrumentum
1123 1031 1142 1072 a
1166 1030 1241 1099 rege
1267 1021 1298 1101 et
1323 1008 1450 1074 arbitria
1484 1011 1553 1074 eiua
1586 1033 1639 1076 an.
1679 1023 1783 1082 1225.
1897 1045 1899 1048 ·

533 1123 588 1180 tt.
612 1111 693 1175 Julii
718 1113 827 1177 dutum
853 1132 890 1176 ac
914 1111 1031 1198 sigillis
1058 1131 1171 1174 eorum
1199 1109 1382 1185 munitum,
1408 1107 1465 1172 nbi
1490 1130 1645 1192 personae
1661 1109 1783 1195 plerae-
1898 1163 1899 1170 ,

532 1231 612 1295 qus,
637 1211 691 1274 hic
716 1211 850 1276 nonnisi
875 1211 992 1277 litteris
1018 1209 1198 1276 initialibus
1222 1210 1400 1288 iudicatae,
1435 1207 1572 1299 integris
1597 1211 1785 1280 nominibus
1885 1235 1899 1281 Α

531 1311 671 1395 propriis
694 1311 830 1394 scriptae
854 1311 1019 1399 leguntur.

445 1493 448 1500 ·
479 1467 507 1544 a)
533 1463 713 1541 ineditum,
738 1475 949 1529 memoratum
974 1474 1082 1527 temen
1109 1469 1141 1524 et
1166 1447 1349 1549 germanice
1374 1479 1447 1522 cum
1464 1457 1651 1526 concordiae
1665 1461 1785 1530 instru·

536 1575 645 1627 mento
670 1575 846 1631 extractum
871 1563 1007 1630 aFrisic
1032 1565 1069 1628 in
1093 1559 1451 1652 Ludawigiieachachr.
1476 1581 1508 1626 r.
1533 1561 1673 1628 Wiirzb.
1701 1575 1783 1634 55⁴.

950 1877 1275 2040 ueuxxr

633 2135 635 2142 '
715 2112 809 2176 Anno
839 2121 930 2180 1225.
983 2119 1036 2177 rt.
1062 2107 1152 2174 Julii.
1204 2107 1289 2192 apud
1314 2104 1492 2172 Frtukfort·
1625 2145 1633 2154 -

414 2285 640 2376 Heinrious
670 2287 763 2378 VII.
787 2316 874 2376 rex
903 2289 1089 2376 formam
1108 2286 1269 2374 arbitrii
1293 2284 1548 2398 approbans,
1580 2311 1670 2402 quo
1691 2317 1791 2378 con·

416 2406 625 2492 troversia
654 2430 784 2516 super
814 2406 944 2493 feodo
974 2403 1274 2517 Herbipolensi
1302 2405 1413 2489 inter
1453 2423 1620 2517 petrem
1649 2433 1791 2494 suum

417 2518 688 2608 Fridericum
716 2523 769 2608 11.
798 2523 1101 2636 imperatorem
1132 2541 1247 2607 etse
1279 2549 1334 2606 ex
1362 2547 1448 2606 una
1476 2540 1622 2634 perte,
1653 2541 1697 2610 et
1716 2553 1792 2610 ec·

418 2637 590 2725 clesiam
619 2637 976 2752 Herbipolensem
1007 2671 1060 2725 ex
1088 2657 1209 2750 parte
1239 2636 1371 2724 altera
1402 2637 1543 2725 decisa
1583 2658 1669 2745 est,
1708 2672 1792 2728 no-

415 2754 607 2843 minatim
637 2759 837 2869 exprimit
866 2757 1003 2861 feoda,
1035 2785 1146 2870 quae
1175 2753 1228 2841 ab
1260 2754 1439 2844 ecclesia
1469 2755 1620 2841 eadem
1640 2787 1686 2842 se
1709 2757 1791 2847 ha·

337 2925 346 2930 -
444 2874 549 2960 here
579 2877 858 2992 recognoscit,
887 2873 1055 2988 reliqua
1084 2893 1229 2960 eutem
1258 2873 1399 2959 omnia
1427 2872 1480 2959 eh
1495 2873 1762 2986 impetitione

564 3019 642 3080 sua
672 3013 714 3084 et
738 3019 1038 3080 successorum
1067 3017 1246 3077 suorum
1272 2989 1409 3078 libere
1438 2989 1668 3077 declarat‘

419 3212 669 3302 (Cirrismon.)
710 3159 764 3290 [n
798 3219 954 3290 Nomine
988 3229 1110 3290 sancte
1147 3230 1185 3292 et
1217 3218 1405 3292 Indiuidue
1440 3223 1627 3295 Trinitatis
1663 3227 1791 3298 Amen.

419 3333 597 3402 lienricua
633 3333 689 3403 dei
722 3335 839 3428 gratia
865 3337 1109 3404 Romanorum
1133 3339 1211 3406 Rex
1244 3346 1281 3407 et
1306 3319 1456 3436 Semper
1482 3343 1677 3432 Augustus.
1738 3343 1792 3414 Ad

420 3431 592 3502 noticiam
617 3435 777 3505 omnium
803 3437 928 3505 christi
953 3435 1113 3504 fidelium
1147 3445 1220 3506 tem
1252 3441 1476 3532 presentium
1509 3463 1618 3534 quam
1651 3435 1794 3514 futuro·

420 3553 513 3600 rum.
540 3533 666 3627 scripti
692 3537 799 3606 huius
826 3535 1065 3606 insinuatione
1091 3539 1258 3608 uolumus
1283 3540 1486 3632 peruenire.
1512 3539 1613 3633 qnod
1638 3563 1721 3616 cum
1739 3567 1797 3614 su·

420 3629 621 3723 per'feodo
639 3637 892 3728 Herbipolensi
916 3639 1011 3707 inter
1035 3637 1220 3707 dominum
1246 3647 1282 3708 et
1308 3650 1446 3730 patrem
1471 3650 1634 3709 nostrum
1649 3641 1708 3712 Fr.
1728 3645 1797 3715 lm·

421 3741 631 3824 peratorem
663 3746 700 3806 ct
732 3759 799 3806 nos
831 3737 877 3805 ab
911 3761 982 3807 una
1014 3747 1128 3829 parte.
1154 3748 1190 3808 et
1215 3740 1403 3809 ecclesiam
1429 3739 1719 3834 herbipolensem
1747 3746 1795 3815 ab
1846 3809 1853 3828 ,

422 3833 547 3902 nitere.
573 3833 618 3902 lis
645 3847 681 3906 et
705 3835 879 3906 dissensio
903 3837 1123 3930 aliquamdiu
1149 3849 1365 3909 uerteretur.
1390 3837 1536 3910 tandem
1556 3840 1600 3909 ad
1617 3841 1797 3915 declinan-

424 3931 511 4002 dum
537 3931 648 4002 totins
674 3937 836 4006 runcoris
861 3945 897 4006 et
922 3933 1063 4006 discidii
1089 3937 1263 4007 fomitem.
1289 3939 1508 4032 prudentum
1534 3941 1698 4012 uirorum
1719 3963 1795 4015 me·-

423 4030 545 4102 diaute
570 4035 732 4109 coneilio.
759 4037 880 4108 electis
904 4038 1086 4131 utrimque
1114 4038 1271 4108 arbitria.
1299 4039 1415 4110 linaiis
1441 4038 1602 4112 eiusdem
1619 4045 1798 4117 causode-
