3804 4718
678 335 976 482 dutbenticm
1069 379 1086 392 ⁴·
1417 349 1499 432 ΠΤ

113 579 180 647 les.
237 569 488 668 Sinderingen.
528 583 564 642 st
600 585 798 670 utrumque
836 575 1089 670 nnivelingen.
1122 535 1499 651 ”Wolmuotesbusen

115 677 382 749 Tbleffenselle.
434 675 711 745 Schelhenberc.
741 689 777 746 et
797 675 1009 748 llolcwiler.
1036 691 1234 748 memorate
1250 677 1499 772 herbipolensi

113 779 273 850 ecclesie
300 780 338 847 in
365 773 615 846 concumbium
642 780 794 846 contulit
820 788 857 846 et
883 791 1100 848 restsurum.
1154 783 1246 850 Cum
1281 791 1401 850 eutem
1428 803 1499 850 ms·
1583 829 1586 840 ·

111 891 294 950 moretur.
346 877 385 946 G.
422 879 466 946 de
493 879 682 968 Winsperc
717 888 842 948 noster
866 879 913 947 sit
948 877 1204 950 ministerialis.
1238 903 1305 950 nec
1331 882 1500 973 putrimo-

111 982 221 1050 nium
248 1000 364 1050 suum.
390 979 460 1046 nisi
485 976 530 1047 de
544 989 682 1053 nostre
705 980 944 1069 permissione
969 982 1083 1071 possit
1104 983 1162 1049 uel
1182 981 1312 1049 debent
1328 983 1497 1051 elienere.

110 1103 181 1152 nos
213 1103 259 1149 ex
284 1079 507 1171 plenitudine
533 1079 646 1148 nostri
671 1077 813 1148 consilii
840 1082 985 1170 plenem
1011 1082 1128 1152 eidem
1154 1103 1196 1148 ec
1221 1083 1375 1150 liberum
1400 1081 1499 1152 dedi·

110 1204 199 1252 mus
233 1181 450 1250 fucultatem.
486 1191 703 1251 memoratus
742 1181 845 1249 uillss
879 1181 1059 1276 sepedicto
1095 1183 1247 1274 ecclesie
1274 1182 1517 1252 conferendi.
1614 1241 1619 1253 .

111 1283 172 1352 cui
212 1281 397 1350 collstioni
434 1303 577 1348 monum
613 1292 773 1350 nostrum
800 1281 1011 1350 adhibentes
1036 1293 1072 1350 ct
1099 1280 1293 1352 essensum.
1321 1303 1386 1370 nos
1414 1305 1497 1350 een·

111 1384 200 1452 dem
228 1385 457 1475 presencium
483 1381 689 1449 testimonio
717 1381 982 1450 confirmemus.
1034 1383 1087 1451 Ne
1114 1393 1233 1451 nutem
1260 1403 1326 1472 per
1359 1371 1495 1475 sliquo-

111 1505 200 1552 rum
234 1485 437 1552 emulorum
469 1480 617 1550 insidias
651 1482 802 1550 ecclesis
837 1483 905 1550 sibi
933 1483 1053 1550 colluti
1079 1484 1286 1573 patrimonii
1314 1483 1393 1550 iure
1419 1505 1496 1552 um·

111 1605 226 1677 qoem
252 1582 494 1651 defraudetur.
521 1583 632 1650 immo
660 1593 695 1650 et
713 1605 767 1674 ¹ne
790 1603 901 1671 super
926 1581 1006 1672 ipso
1034 1585 1246 1659 concambio
1269 1583 1418 1652 dubium
1435 1581 1497 1651 eli·

110 1686 171 1753 cui
210 1684 437 1773 inposterum
471 1683 620 1751 orietur.
655 1703 805 1773 presens
832 1684 1006 1772 scriptum
1034 1685 1214 1753 conscribi
1241 1683 1494 1779 disposuimus.

111 1796 147 1853 et
176 1783 292 1874 sigilli
319 1783 434 1851 nostri
461 1783 658 1851 munimine
684 1783 865 1852 roborari.
916 1787 1039 1853 Testes
1066 1785 1173 1854 huius
1197 1785 1251 1852 rei
1277 1794 1361 1853 sunt
1362 1831 1493 1854 ......

9 1911 11 1918 ¹
109 1885 316 1976 Episcopus
342 1884 632 1954 Wormeciensis.
658 1883 938 1972 predictus...
968 1885 1167 1956 .Msrchio
1194 1885 1239 1953 dc
1266 1880 1467 1954 Reden...

111 2007 239 2055 comes
264 1984 309 2053 de
336 1984 577 2058 Lewenstein.
630 1985 818 2054 Cunredus
845 1985 889 2052 de
917 1933 1157 2079 lllogenheim.
1208 1983 1426 2054 ludewicus
1450 1933 1495 2051 de

111 2069 284 2176 Schipbe.
326 2086 578 2176 Engelberdus
605 2083 837 2176 deNidrege.
874 2083 1095 2154 Ludewlcus
1122 2085 1388 2154 delrvneburc.
1427 2085 1494 2150 lle·

110 2188 211 2254 beno
239 2186 284 2256 de
311 2187 558 2276 Rebenspurc.
611 2185 801 2254 Diethcrus
829 2185 942 2252 freter
967 2205 1064 2255 suus.
1094 2197 1129 2254 et
1155 2184 1216 2253 slii
1243 2185 1495 2302 quamplures

110 2297 187 2369 tem
214 2286 338 2355 cleriei
363 2311 471 2380 quem
498 2283 592 2353 laici.
643 2291 732 2354 Acte
757 2295 840 2356 sunt
867 2289 934 2354 hec
960 2307 1055 2356 enno
1074 2285 1283 2355 dominice
1274 2284 1495 2353 mcemocio·

6 2387 8 2416 ¹
113 2386 182 2456 nis.
238 2387 305 2454 ΜΟ.
333 2394 401 2456 cc⁰.
428 2386 628 2455 Tricesimo
649 2387 780 2455 Primo.
833 2387 1226 2477 Regnentenobiscum
1244 2385 1415 2456 Glorioso
1433 2407 1495 2477 ps·

112 2499 169 2558 tre
196 2497 327 2556 nostro
352 2490 598 2558 Romanorum
623 2487 844 2578 lmperstore
871 2487 1060 2561 Friderico
1086 2486 1322 2558 ludictione
1312 2485 1389 2577 riijt

183 2726 217 2802 a)
246 2717 417 2809 Sigillum,
443 2719 479 2780 in
506 2732 560 2780 ora
586 2717 742 2781 nonnihil
766 2693 911 2793 laesum,
937 2672 1095 2800 appendet
1121 2737 1161 2778 ex
1186 2713 1251 2777 filis
1276 2713 1384 2778 sericis
1411 2713 1495 2792 fleri,

245 2819 335 2884 rubri
362 2831 393 2882 et
418 2817 530 2883 viridis
557 2819 681 2880 coloris.

183 2978 214 3060 b>
243 2977 381 3040 indictio
406 2928 577 3055 respondet
603 2993 689 3036 enno
716 2973 772 3036 Ch.
800 2991 961 3054 expresso.
1012 2969 1128 3042 Locus,
1149 2967 1269 3032 mensis
1289 2985 1326 3030 ec
1339 2967 1408 3032 dms
1427 2985 1495 3048 per·
1532 3041 1535 3050 Ι

242 3077 306 3140 scti
328 3075 459 3190 negotii.
475 3075 601 3138 desunt.
655 3075 759 3139 Testis
787 3087 894 3139 temen
921 3073 1064 3155 primus,
1098 3067 1220 3134 scilicet
1246 3067 1496 3132 Wormstiensis

243 3179 366 3240 curiam
393 3175 476 3261 regis
503 3175 600 3238 huius
627 3177 921 3251 wormatiensem,
941 3166 1322 3270 mensibusliebrusrio‚
1349 3168 1440 3232 Mein
1466 3179 1497 3230 st

244 3278 344 3340 Junio
369 3270 511 3340 habitum
537 3276 706 3362 designare
731 3277 869 3340 ridetur.

186 3443 214 3516 c)
242 3427 420 3508 Ineditum,
448 3433 661 3490 memoratum
689 3439 751 3490 tem
744 3451 796 3492 ren
816 3439 847 3492 et
862 3422 1046 3514 germanice
1064 3435 1240 3528 extructum
1257 3425 1275 3486 l
1291 3421 1393 3486 Fcisio
1411 3421 1496 3503 eputl

245 3529 401 3618 Ludewig
427 3519 687 3594 ὓοιιῐιὶιὶιῑμιίιι
714 3549 746 3592 ι.
771 3523 896 3588 wint.
925 3535 998 3596 658
1024 3525 1057 3592 b.

172 4209 238 4254 Ιοι.
252 4175 320 4256 ΙοΙι.Ε
336 4211 392 4260 Vel.
408 4211 473 4258 m.
488 4223 531 4256 ιιι
545 4207 693 4272 'dude-ts
711 4219 785 4254 seres
801 4203 847 4252 ΙΙΙ.
