3746 4720
356 381 445 476 sto
710 360 992 481 .Diplomett
1019 355 1331 478 Imperatorum

481 617 592 672 mento
617 601 720 692 sigilli
745 599 901 678 adhaeret,
918 611 1073 668 serente.
1122 597 1379 674 Preedietsvero
1404 597 1547 688 laesique
1571 615 1636 670 totr
1661 625 1729 686 pers

478 707 580 794 sigilli
603 703 753 787 superior
777 701 934 766 destructe
950 714 1025 777 est,
1044 705 1239 764 *remanente
1263 699 1368 772 solum
1397 713 1484 784 perte
1509 705 1579 772 eius
1601 701 1729 769 inferio·

452 803 456 806 ’
480 807 527 882 ri,
555 805 729 893 quoiregis
753 800 893 888 sedentis
920 821 1034 883 corpur
1059 803 1079 862 t
1103 814 1217 864 uentre
1242 811 1274 864 et
1298 800 1409 878 dextre
1435 823 1546 882 runnu,
1561 825 1664 890 usque
1692 805 1730 866 sd
1866 811 1868 850 ⁴

481 907 577 988 pedes
604 905 691 981 eius,
717 901 818 967 simul
842 911 906 966 tote
930 899 1099 982 inscriptio
1124 901 1160 964 in
1186 917 1277 962 eree:
1302 902 1380 964 Dux
1399 903 1554 980 Sueriee,
1578 924 1614 966 ec
1639 905 1730 966 dimi·

482 1008 554 1084 die,
580 1004 683 1068 medie
709 1002 888 1078 nimirum,
915 999 998 1066 circe
1017 999 1198 1092 inruginem
1225 997 1395 1083 inscriptio
1412 1003 1616 1071 exhibentur.
1657 1005 1731 1067 Cre·

484 1204 600 1270 ferree.

425 1361 459 1447 b)
485 1357 641 1439 indictio,
668 1355 751 1421 dicte
778 1371 940 1432 meteret,
966 1351 1137 1438 respondet
1162 1371 1249 1416 enno
1276 1349 1335 1415 Clr.
1361 1352 1509 1423 indictio.
1597 1371 1601 1376 ·
1702 1440 1708 1448 .

341 1597 345 1604 ι
429 1523 455 1601 c)
484 1514 612 1582 Editutn
640 1514 678 1576 in
702 1511 796 1580 Mon.
821 1507 911 1579 Rois.
936 1506 1038 1579 XXII.
1063 1519 1144 1583 223.
1170 1528 1263 1574 num·
1291 1515 1346 1575 ³2.
1469 1571 1474 1580 ,

848 1857 849 1862 ‘
877 1823 1226 1936 DCCCXIII.¹

622 2065 715 2125 enno
742 2051 838 2128 1266.
888 2069 943 2125 tt.
973 2055 1114 2122 Octobri.
1164 2054 1250 2142 epod
1274 2007 1496 2145 segestam(

366 2256 604 2363 Corradus,
630 2254 760 2369 vulgo
793 2247 1074 2355 Conradinus,
1104 2247 1338 2336 Jerusalem
1371 2267 1413 2334 et
1440 2247 1620 2361 Syciliee
1640 2276 1729 2355 rex,

365 2383 455 2467 dux
485 2374 705 2477 Sweviae,
731 2369 943 2482 Lodwico
975 2385 1018 2452 et
1037 2364 1265 2472 Heinrico‚
1296 2365 1521 2452 comitibus
1537 2365 1730 2454 Palatinis

482 1120 587 1171 terum
620 1123 693 1186 pers
726 1101 828 1190 sigilli
860 1099 989 1164 residue
1013 1118 1124 1165 recens
1149 1097 1275 1163 incluse
1302 1111 1350 1164 est
1374 1102 1522 1185 capsulae
1545 1125 1586 1168 ex
1609 1101 1729 1166 lemine
1866 1133 1868 1168 t

364 2491 529 2599 Rheni,
560 2487 740 2576 ducibus
770 2484 991 2592 Bavveriee
1003 2546 1016 2588 ,
1059 2480 1358 2570 educatoribus
1388 2483 1499 2589 suis,
1535 2485 1731 2570 universa
1866 2497 1868 2502 '

364 2613 477 2701 bons
506 2637 606 2713 sua,
637 2603 725 2690 sive
754 2599 1087 2718 patrimonialis,
1117 2601 1214 2705 sive¹
1228 2599 1435 2707 feudalia,
1466 2621 1554 2686 tam
1570 2601 1614 2686 in
1635 2629 1732 2714 par·

430 2728 542 2816 tibus
576 2721 865 2825 Germanicis,
898 2746 1029 2834 quam
1056 2717 1241 2827 Latinis,
1270 2719 1306 2805 si
1337 2715 1499 2832 absque
1529 2718 1682 2811 liberis¹

586 2839 782 2958 legitimis
812 2835 1067 2943 decesserit,
1094 2834 1221 2949 pleno
1251 2833 1345 2924 iuro
1376 2831 1515 2923 donet

367 3012 584 3146 Cvnredus
616 3067 801 3141 Secundus
834 3030 892 3160 tlej
918 3069 1042 3162 ,gretie
1067 3069 1268 3140 Jerusalem
1294 3079 1332 3141 et
1356 3064 1488 3180 Sycilie
1515 3069 1603 3140 Rex.
1646 3071 1734 3138 'nox

366 3188 509 3260 Sweuie
536 3187 605 3256 Per
631 3183 781 3253 Presens
806 3181 982 3276 scriptum
1005 3185 1139 3256 Notum
1174 3183 1325 3253 fecimus
1358 3182 1537 3254 rniuereis
1562 3183 1735 3253 Preeenti·

364 3287 433 3358 bus
457 3296 493 3357 et
518 3281 896 3354 futurisintuentibus
923 3283 1054 3353 seriem
1080 3282 1184 3353 huius
1211 3281 1335 3373 scripti
1361 3283 1460 3375 quod
1484 3304 1551 3353 nos
1570 3280 1732 3354 conside·

366 3395 446 3457 reto
471 3385 535 3478 pio
561 3393 597 3453 et
613 3379 761 3453 Sincere
785 3382 913 3454 effectu
938 3405 1012 3477 quo
1037 3401 1103 3452 nos
1129 3385 1296 3453 evrncnli
1321 3383 1437 3452 nostri
1451 3383 1632 3454 lterissimi
1644 3381 1733 3454 Lod·

241 3513 243 3515 ·
366 3486 483 3560 wicus
521 3494 557 3554 et
582 3480 772 3553 Heius-iens
797 3477 964 3556 illustres.
984 3483 1141 3554 Comites
1166 3483 1316 3555 Peletioi
1341 3483 1485 3558 Rheni·
1529 3487 1648 3554 Duces
1675 3483 1734 3552 ss·

368 3584 482 3657 weris
507 3580 662 3652 fideliter
686 3581 885 3654 educarunt
910 3594 948 3653 et
972 3585 1089 3653 edhuc
1115 3584 1218 3677 queri
1233 3586 1356 3654 Petres
1379 3583 1524 3653 vnicum
1550 3584 1734 3653 filiuntsu·

366 3707 431 3756 um
463 3679 557 3756 rlnis
588 3683 745 3773 gretuite
779 3683 1026 3755 benivolencie
1050 3682 1301 3754 favorabiliter
1322 3685 1608 3773 emplectuntur,
1647 3681 1735 3773 ipsis

366 3785 536 3856 uniuerso
557 3783 657 3853 bone
680 3791 807 3854 nostre
829 3782 907 3852 siue
932 3783 1201 3854 Patrimonielie
1226 3783 1304 3854 siue
1329 3782 1485 3854 feodalis
1510 3804 1592 3854 cunr
1624 3779 1735 3851 omni·

366 3885 436 3956 bus
460 3882 665 3954 hominibus
689 3883 822 3953 nostris
847 3883 1036 3978 utriusque
1062 3904 1169 3955 sexus
1194 3904 1423 3976 quocumque
1448 3883 1554 3954 titulo
1587 3880 1633 3952 etl
1666 3873 1731 3950 nos

350 3981 634 4077 ¹pertinentibus
656 3993 731 4053 torn
756 3983 983 4074 inpartibus
1010 3983 1365 4076 Germanicis-quen
1380 3981 1516 4064 Latinis
1542 3977 1574 4054 si
1599 3979 1731 4074 ubsque

331 4084 488 4173 stiterit
512 4083 684 4180 legitimis
708 4083 970 4160 decesserimus
996 4106 1043 4158 es
1067 4087 1139 4177 ltus⁴
1159 4083 1236 4162 uite
1268 4081 1480 4164 donruimus
1512 4084 1621 4178 pleno
1654 4081 1739 4150 iure
