3870 4718
777 317 1024 438 Diplomais
1046 314 1366 434 supernorum
1504 395 1509 404 .

950 592 1173 812 nexu.
1271 699 1367 828 ·s
1458 655 1461 661 ’
1558 704 1561 714 ’

673 927 768 998 anan
797 933 911 1030 tais„
947 921 999 1000 ao.
1029 923 1225 1008 septenae.
1269 921 1457 1024 ‚Hertipolit
1529 875 1539 894 ’

375 1105 619 1210 Fridericus
643 1101 986 1237 11.roxdomum
1004 1103 1223 1240 hospitalis
1241 1107 1290 1192 in·
1307 1103 1472 1239 civitate
1488 1103 1747 1239 Wircebur·

374 1222 510 1339 gensi.
537 1216 826 1338 adnomen
844 1221 1248 1321 Jerosoomumm
1265 1221 1618 1324 banouiohe'nms
1642 1225 1749 1339 Bap-

186 1384 191 1392 ·
236 1351 240 1359 ’
373 1343 516 1448 tistae,
566 1371 621 1426 ex
647 1339 875 1431 donatione
903 1341 1278 1447 Ruberti‘Curui,
1309 1341 1626 1457 pertinentem,.
1647 1371 1747 1428 cum

479 1459 678 1548 omnibus
708 1458 799 1544 eius
828 1453 1075 1546 hominibus
1105 1477 1148 1544 et
1176 1459 1300 1546 bonis
1340 1459 1635 1546 intuitionem

760 1577 1034 1692 protectionis
1065 1605 1167 1670 suae
1197 1579 1360 1696 recipit.

371 1771 806 1922 Friderieustiuim
833 1799 1187 1936 tannetum
1204 1821 1500 1918 aomanorum
1517 1823 1613 1916 Rex
1631 1855 1745 1910 sem-
1796 1841 1813 1921 ·,
1926 1909 1932 1920 .

373 1976 453 2060 per
483 1968 700 2063 augustus.
730 1950 826 2036 Rex
857 1949 1010 2036 Sicilie.
1069 1951 1181 2040 Licet·
1212 1966 1258 2042 ad
1293 1964 1467 2036 uniuersa
1502 1971 1582 2037 toea
1618 1970 1744 2038 diuino

375 2067 488 2135 uultui
513 2072 723 2170 mancipata.
751 2069 853 2160 regis
878 2069 1075 2146 maiestatis
1103 2068 1342 2168 patrocinium
1368 2061 1586 2156 generaliter
1609 2069 1745 2138 ‘debeat

376 2167 534 2237 extendi.
567 2191 611 2237 ea
642 2179 765 2238 tamen
797 2167 988 2259 specialius
1013 2164 1265 2240 misericordie
1289 2168 1489 2240 uisceribus
1517 2172 1748 2260 amplectitur

374 2267 545 2360 inquibus
579 2271 618 2336 in
649 2289 827 2362 pauperes
861 2270 1078 2360 peregrinos
1114 2278 1148 2336 et
1181 2267 1349 2336 aduenas.
1384 2271 1559 2357 ampliora
1583 2269 1760 2340 iteritatis*
1806 2323 1808 2331 .

374 2365 484 2458 opera
508 2367 642 2458 iugiter
668 2379 909 2444 exercentur.
946 2367 1191 2440 Adtendentes
1217 2369 1332 2456 igitur
1356 2369 1533 2458 hospitale
1562 2369 1750 2439 iherosoli-

373 2467 632 2538 mitanum..in
666 2473 807 2540 bonore
836 2470 934 2538 beati
967 2470 1133 2538 iohannis
1165 2470 1321 2558 baptiste
1356 2463 1559 2535 dedicatum
1586 2471 1746 2538 omnium

374 2569 624 2639 nueesdtatom
650 2571 878 2660 patientium.
902 2563 1105 2646 §ommune
1122 2591 1266 2658 semper
1281 2568 1459 2635 exstitisse
1477 2567 1668 2658 relligioni.
1691 2573 1750 2638 de-

291 2739 296 2751 .
373 2669 566 2737 stmctioni
591 2667 705 2761 ipsius
729 2681 765 2740 et
791 2664 1016 2741 desolationi.
1043 2691 1090 2739 ex
1113 2671 1242 2737 intimo
1269 2665 1378 2736 corde
1405 2671 1646 2738 condolentes.
1678 2695 1749 2742 res-

375 2769 588 2840 taurationis
620 2771 698 2841 eius
734 2795 857 2840 euram
893 2793 965 2840 non
997 2771 1166 2838 inmerito
1193 2782 1230 2838 et
1256 2789 1404 2859 operam
1432 2769 1598 2846 duximus
1625 2773 1758 2864 inpen:

376 2867 538 2938 dendam.
591 2873 745 2942 Nouerit
778 2894 867 2964 ergo
899 2883 974 2948 tam
1006 2893 1155 2962 presens
1191 2868 1295 2961 regni
1326 2870 1486 2938 fidelium
1525 2883 1612 2940 etas.
1641 2896 1749 2962 quam

372 2967 580 3038 futurorum
613 2994 823 3041 successura
859 2972 1059 3063 posteritas.
1094 2971 1192 3060 quod
1224 2993 1289 3037 nos
1324 2969 1470 3036 domum
1496 2971 1684 3063 hospitalis
1711 2977 1748 3042 iu

375 3071 524 3137 ciuitate
545 3070 843 3164 wirceburgensi
868 3073 985 3144 eitam.
1012 3067 1219 3160 supradicto
1246 3067 1414 3156 hospitali
1442 3070 1554 3135 saneti
1580 3070 1747 3141 iohannis

376 3170 528 3236 suborti
561 3173 665 3238 eorul
698 3166 891 3242 donatione
923 3169 1175 3263 pertinentem.
1210 3186 1290 3240 oum
1326 3167 1492 3235 omnibus
1520 3172 1686 3260 personis
1712 3177 1750 3240 in

378 3269 456 3357 ipsa
482 3269 593 3344 domo
619 3273 743 3340 diuino
770 3267 946 3366 obsequio
973 3269 1193 3359 mancipatis.
1224 3263 1287 3334 se'u
1307 3267 1530 3358 inposterum
1546 3272 1751 3366 mancipan-

378 3368 442 3438 dis.
468 3367 550 3439 oum
576 3373 742 3442 omnibus
769 3376 878 3444 etiarn
902 3373 1008 3441 bonis
1034 3383 1108 3442 tam
1135 3363 1342 3437 mobilibus.
1370 3385 1478 3460 quam
1502 3369 1746 3440 inmobilibus.

380 3491 449 3560 que
476 3473 535 3538 uel
561 3495 656 3540 nuno
680 3476 815 3542 habent
841 3475 898 3544 vel
925 3471 1308 3562 processutsmporis
1334 3469 1429 3537 iusto
1447 3467 1693 3558 acquisitionis
1710 3475 1751 3540 ti-

380 3572 456 3637 tulo
482 3572 642 3661 poterint
667 3575 829 3663 adipisci.
852 3573 890 3640 in
905 3568 1102 3640 tuicionem
1127 3571 1361 3661 protectionis
1388 3576 1510 3636 nostre
1537 3571 1752 3660 recepimus.

381 3669 608 3740 Generaliter
634 3677 739 3762 itaque
763 3674 820 3736 sab
846 3673 996 3738 obtentu
1030 3669 1145 3768 gratie
1182 3671 1311 3748 nostre⁴
1330 3667 1560 3768 precipimus.
1586 3673 1749 3760 utnulla

378 3771 525 3838 omnino
551 3775 696 3840 humilis
722 3772 782 3838 uel
808 3773 880 3838 alta
905 3793 1072 3862 persona.
1098 3770 1268 3838 secularis
1296 3771 1354 3836 uei
1393 3765 1642 3839 ecclesiastica.
1670 3794 1750 3862 pre·

378 3881 612 3939 memoratam
646 3873 803 3941 domum.
837 3881 899 3938 aut
929 3871 1061 3938 fratres
1088 3871 1124 3936 in
1151 3870 1288 3938 eadee
1315 3869 1517 3938 militantes.
1534 3868 1749 3959 -inpersouis

363 3989 443 4037 ¹seu
477 3971 515 4036 in
549 3973 659 4040 rebus
694 3970 886 4038 molestare
922 3969 1063 4038 audeat.
1090 3971 1149 4038 uel
1175 3991 1438 4060 quamcumque
1465 3969 1552 4058 ipsis
1580 3969 1748 4039 iniuriam

377 4071 437 4138 uei
462 4071 672 4138 uiolentiam
697 4063 842 4138 inferre.
895 4069 1000 4164 Quod
1025 4071 1138 4170 siquis
1164 4069 1283 4139 iacere
1303 4070 1573 4160 presumpserit.
1590 4072 1748 4141 issemu-
