3804 4718
668 261 938 365 Authenticu.
1039 341 1042 348 .

637 619 956 754 nexuvu.

387 877 482 939 Anno
512 885 606 946 1231.
656 887 709 960 29.
738 875 837 958 April.
890 848 976 962 apud
1000 877 1224 946 Wormutism.

127 1067 341 1157 Heinricus
369 1071 465 1160 vll.
496 1100 575 1158 rex
604 1090 808 1158 statutum
826 1071 1045 1190 Beringeri
1064 1075 1273 1191 Spirensis
1302 1080 1490 1198 episcopi

127 1185 352 1298 confirmet,
384 1219 472 1303 quo
504 1191 650 1305 iniqua
682 1190 895 1303 quaedem
917 1196 1181 1280 consuetudo
1202 1195 1411 1307 aboletur,
1434 1231 1489 1286 ue

43 1415 44 1418 .
126 1303 327 1393 debitores
360 1338 384 1394 a
409 1307 588 1395 sculteto
621 1309 810 1423 Spirensi
844 1339 975 1425 super
1002 1313 1267 1401 contumacia
1287 1317 1376 1402 sive
1393 1317 1489 1404 vio-

45 1461 50 1478 ·
126 1421 259 1532 lentis,
291 1455 405 1540 quae
425 1428 617 1514 Vurevel
648 1426 829 1537 (Vriiel)
851 1425 1028 1536 dicitur,
1060 1433 1314 1546 puniantur,
1343 1434 1489 1552 prius·

228 1573 362 1660 quam
392 1564 510 1634 ector
537 1545 853 1750 contumpciam·
878 1547 966 1633 sivo
997 1547 1239 1638 violentiam
1273 1580 1378 1670 pro·

738 1682 885 1751 averit.
1030 1679 1032 1686 ’

40 1977 47 1990 .
126 1829 187 1960 H.
211 1891 268 1965 dci
301 1899 428 1988 grecis
452 1901 698 1972 Romanorum
732 1924 798 1973 rex
833 1911 868 1972 et
894 1923 1037 1994 semper
1062 1911 1247 1992 augustus.
1300 1903 1487 1976 Uniuersis

123 2007 253 2099 imperii
288 2015 457 2086 fidelibus
492 2009 623 2111 quibus
658 2039 811 2110 presens
843 2019 1017 2111 scriptum
1044 2018 1245 2086 exhibitum
1270 2015 1380 2084 suerit
1405 2037 1486 2107 grn-

123 2108 203 2178 cinm
227 2133 330 2183 susm
357 2127 392 2185 et
418 2121 698 2191 omnebonum.
751 2119 903 2190 Inplevit
929 2120 1064 2212 quippe
1091 2139 1110 2184 u
1135 2119 1255 2210 longis
1279 2127 1380 2186 retro
1399 2126 1486 2186 tem·

123 2211 257 2300 poribus
283 2215 324 2282 in
352 2218 648 2293 ciuitete'nostrn
663 2217 828 2309 Spirensi
854 2221 950 2290 sicut
975 2217 1204 2289 inteleximus
1231 2217 1383 2310 quedem
1405 2234 1487 2288 con·

123 2311 260 2382 suetudo
287 2315 512 2388 detestabilis
539 2323 638 2410 pecie
665 2322 783 2390 emula
809 2321 924 2390 diuini
951 2329 987 2389 et
1020 2319 1167 2388 humani
1200 2317 1291 2408 juris
1327 2317 1484 2388 inimice.
1535 2335 1540 2340 ·

123 2411 188 2480 Hec
218 2416 356 2485 scilicet
393 2420 491 2510 quod
529 2423 642 2513 siquis
674 2422 781 2490 elicui
815 2423 991 2490 inicorum
1016 2421 1053 2488 in
1081 2420 1228 2490 minime
1254 2419 1487 2488 denariorum

124 2517 309 2604 quontitate
337 2522 482 2588 soluere
506 2523 709 2591 tenebatur.
737 2523 896 2592 creditor
914 2519 1128 2591 debitorem.
1150 2522 1252 2588 nullo
1267 2520 1327 2588 uel
1344 2519 1487 2592 modice
1537 2519 1542 2526 ’

123 2616 309 2686 monitione
336 2621 520 2709 premisse.
547 2643 670 2692 eorem
697 2623 838 2690 officiali
864 2627 1016 2708 sepiteto
1032 2621 1194 2711 Spirensi
1220 2621 1330 2688 trexit
1348 2619 1384 2686 in
1405 2641 1485 2689 ceu·

121 2731 195 2783 sem.
220 2739 450 2808 conquerens
479 2722 596 2812 ipsum
624 2723 886 2794 contumaciter
913 2732 949 2790 et
973 2722 1155 2789 violenter
1169 2719 1267 2812 quod
1282 2720 1482 2808 uulgus-iter

123 2812 344 2890 Voreveliche
370 2831 531 2894 vocetur.
559 2823 711 2912 pecunie
738 2822 790 2890 sic
816 2822 937 2892 debite
964 2822 1180 2892 solutionem
1215 2818 1429 2910 neglexisse.
1464 2843 1486 2888 u

123 2915 213 2987 cuius
237 2920 407 2990 instantis
431 2922 565 2990 indicii.
592 2946 675 2994 reus
701 2943 930 3015 nequaquem
954 2921 1074 3013 potuit
1099 2919 1251 2991 sbsclui.
1269 2917 1338 2986 nisi
1362 2917 1407 2986 nd
1425 2918 1488 2990 mi-

125 3037 181 3085 nus
203 3041 268 3110 per
293 3033 432 3112 septem
460 3025 665 3097 testimonis
691 3037 941 3117 personarum.
968 3043 1057 3115 quus
1082 3021 1112 3090 si
1138 3040 1225 3090 reus
1251 3019 1294 3087 nd
1312 3041 1487 3110 expurge-

123 3115 246 3189 tionem
272 3116 501 3194 obiectorum
527 3148 601 3196 non
628 3135 769 3216 poteret
796 3124 1007 3214 producere.
1035 3124 1206 3192 scultetus
1232 3119 1352 3211 ipsum
1382 3141 1486 3192 reum

124 3221 222 3287 sotori
248 3222 294 3290 ed
320 3225 533 3292 soluendum
561 3225 713 3296 deducto
740 3225 923 3310 (debitas)
951 3226 987 3292 in
1007 3223 1181 3313 judicium
1196 3219 1483 3310 condempnnuit.

125 3327 153 3384 et
176 3319 322 3414 insuper
348 3325 454 3394 iudex
478 3326 556 3416 ipse
583 3342 651 3417 pro
677 3326 896 3397 contumelio
923 3327 999 3396 siue
1025 3323 1197 3395 violentie
1222 3344 1293 3413 que
1312 3323 1483 3392 vureueie

125 3413 242 3490 dicitur
267 3425 354 3492 licet
381 3428 478 3494 nullu
503 3437 599 3499 esset
625 3449 689 3499 reo
715 3448 788 3517 pro,
811 3427 927 3495 libitu.
949 3425 1180 3515 pecunarium
1204 3422 1484 3512 pennminssixit.

125 3514 203 3588 Cum
227 3523 273 3592 sd
299 3524 514 3595 abolendum
540 3527 653 3616 igitur
678 3529 784 3596 huius
804 3526 931 3618 ‚inique
947 3523 1217 3597 consuetudinis
1232 3523 1486 3617 corruptelam.

123 3615 269 3694 Dilectus
295 3627 457 3717 principe
484 3627 829 3717 nosteeBerngerus
857 3627 1072 3696 venernbilie
1086 3623 1266 3716 Spirensis
1293 3623 1485 3712 episcopus
1568 3675 1572 3684 .
1618 3646 1623 3656 ’

124 3717 161 3784 td
184 3744 307 3810 preces
333 3724 467 3796 ciuium
493 3737 702 3798 nostrorum
717 3726 941 3818 spirensium
967 3723 1402 3813 communicntocspituli
1429 3724 1485 3792 sui

125 3818 266 3894 consilio
291 3828 444 3918 prouide
472 3829 640 3898 statuerit
665 3839 705 3897 ut
730 3829 844 3919 siquis
870 3829 1044 3896 inicorum
1077 3827 1234 3918 aliquem
1268 3823 1305 3890 in
1338 3822 1484 3892 ciuitate
1536 3913 1539 3924 .

124 3931 237 3993 nostre
262 3927 422 4018 Spirensi
447 3929 548 3997 iuxtn
574 3949 695 3998 oneum
722 3927 979 4024 prescriptum.
1000 3949 1121 4022 corum
1149 3925 1302 3994 sculteto
1326 3921 1486 4013 Spirensi

126 4015 283 4117 deinceps
308 4029 460 4098 trexerit
485 4030 523 4100 in
549 4051 703 4101 censum.
753 4029 879 4106 Actori
904 4051 943 4100 se
968 4029 1083 4098 tercio
1109 4025 1154 4096 ud
1179 4026 1297 4096 minus
1329 4025 1489 4112 interpo-

170 4145 231 4193 Ιοι.
244 4149 309 4197 note.
325 4153 379 4201 Vci.
398 4145 463 4202 1¹1.
483 4165 524 4198 m
540 4154 689 4199 collectionis
706 4165 781 4198 neve·
797 4153 841 4198 111.
1231 4133 1279 4197 22
