3864 4728
392 357 452 460 20
804 361 805 368 ‘
855 472 858 482 Ι
957 361 1211 453 Anthemiou

392 600 452 674 dei
486 601 603 693 gratia
633 598 848 692 prepositus.
899 597 1107 692 Woligerus
1133 599 1300 670 decanus.
1330 601 1552 694 'Totumque
1577 603 1761 694 capitulum

388 703 610 796 putauiensis
644 701 812 789 ecclesie,
849 698 954 769 nobis
988 712 1023 770 et
1048 699 1317 771 successoribus
1343 702 1478 770 nostris
1504 700 1662 771 eiusdem
1688 704 1761 774 diue

390 803 555 877 caritatis
568 802 758 894 optabiles
785 819 903 870 nexus
924 800 1048 872 firmos
1074 823 1220 872 manere
1246 801 1418 880 volentes.
1443 800 1488 870 ad
1514 801 1762 874 excludendam

388 895 533 972 omnem
559 899 697 989 discidij
724 897 1033 994 dissensionisque
1059 901 1258 988 materiam,
1285 921 1355 994 que
1382 901 1521 969 ratione
1525 879 1760 977 distribucio·

378 1003 447 1072 ,nis
475 1014 511 1071 et
525 997 813 1092 participationis
840 1002 1164 1069 emolumentorum
1190 999 1412 1092 aprehende
1424 1011 1549 1070 nostra
1561 1023 1764 1092 prouenren

389 1105 490 1172 tium.
518 1103 613 1170 in'ter
638 1123 703 1170 nos
730 1097 843 1191 possit
869 1085 979 1182 ιιίιί,
1018 1123 1111 1192 que,
1144 1093 1279 1194 qualib,
1319 1111 1497 1191 quantave
1525 1104 1661 1192 portio,
1696 1104 1761 1171 cui

387 1224 518 1294 quam,
554 1211 590 1270 ιι
616 1201 709 1268 vnde
735 1199 920 1270 debeatur.
947 1151 1114 1271 diluimus
1140 1202 1396 1292 scriptoteuusa
1423 1200 1718 1292 explicandum,
1731 1212 1763 1270 et
1840 1198 1845 1207 ’

385 1300 628 1372 decernimus
626 1301 762 1390 itaque
787 1322 855 1390 per
878 1302 946 1369 hec
972 1301 1117 1392 scripta.
1142 1311 1195 1370 ιιι
1222 1300 1418 1388 septaginta.
1444 1302 1619 1369 librarum
1641 1323 1762 1392 proue-

386 1401 562 1472 uientium
588 1400 693 1482 nobis
718 1397 765 1467 ab
791 1401 951 1502 ecclesia
968 1401 1081 1477 sancti
1109 1401 1217 1483 Pnuli.
1263 1398 1553 1474 Distribuantur
1579 1401 1763 1472 decenam

333 1541 337 1550 ·
387 1521 554 1597 pasca.
551 1500 728 1570 Qnecem
718 1523 755 1568 ιι
771 1509 1002 1591 pentecoste.
1054 1497 1269 1595 Quindecim
1290 1499 1459 1598 llyliani.
1503 1501 1671 1606 Quinque
1697 1523 1778 1576 ιιι.

386 1603 442 1678 rie
475 1599 696 1690 magdalene.
756 1603 935 1671 Decem
925 1625 963 1671 ιι
998 1601 1206 1675 tarentinas
1233 1601 1345 1668 sancti
1370 1589 1547 1690 Stephani.
1595 1593 1762 1696 Quinque

386 1702 427 1769 in
459 1699 517 1769 die
556 1699 670 1769 sancti
702 1682 946 1769 mairimiliani.
1000 1678 1212 1797 Quinque
1201 1724 1238 1768 ιιι
1272 1698 1330 1768 die
1367 1698 1527 1769 omnium
1553 1701 1758 1770 animarum.

386 1801 447 1868 Et
458 1801 524 1870 hec
549 1797 761 1868 distribucio
788 1798 1001 1868 extendatur
1028 1803 1145 1868 solnm
1171 1799 1216 1868 nd
1241 1808 1326 1868 tunc
1352 1810 1551 1888 presentes,
1578 1809 1613 1869 et
1638 1801 1683 1868 ad
1707 1819 1763 1870 eos

386 1899 450 1991 qui
482 1899 579 1968 forte
585 1921 683 1994 par
716 1919 782 1970 nos
815 1893 914 1968 missi
939 1921 1141 1992 quoquam
1148 1897 1193 1968 ad
1219 1897 1441 1988 expedienda
1468 1912 1591 1968 nostra
1617 1899 1762 1992 negocia

249 2029 253 2041 ·
384 2009 653 2090 processerunt.
678 1999 858 2090 aquibus
885 2010 1006 2100 tamen
1032 2000 1246 2068 calcearium
1273 2009 1310 2070 et
1335 1987 1575 2092 obiegiarium
1602 2011 1759 2070 nostrum

315 2165 316 2168 ,
384 2099 552 2170 uolumus
579 2120 658 2169 esse
684 2101 854 2178 seclusos.
881 2093 1016 2191 quippe
1043 2122 1125 2170 cum
1151 2099 1286 2200 hiidem
1312 2091 1461 2170 ratione
1478 2089 1763 2170 officiorumsuo·

384 2219 466 2268 rum
498 2199 803 2292 quandocunque,
839 2203 1032 2276 necessitas
1057 2199 1213 2294 ingruit,
1249 2209 1458 2284 teneantur,
1497 2199 1696 2290 procedere
1721 2197 1762 2268 ad

383 2285 611 2390 expedienda
645 2299 792 2388 negotia
826 2299 962 2390 oblsgii
996 2310 1032 2370 et
1058 2296 1211 2370 cellesis.
1269 2301 1358 2368 Item
1393 2282 1619 2376 decernimus
1654 2307 1693 2369 ut
1718 2298 1762 2367 di·

384 2399 627 2468 stribuciones
660 2395 874 2466 faciende'
865 2423 902 2466 ιιι
937 2399 1080 2504 ieiuniis
1116 2409 1273 2490 quatuor
1306 2409 1511 2516 temporum
1548 2401 1684 2470 mensis
1709 2399 1762 2466 de·

384 2497 481 2570 cimi.
515 2499 648 2584 mensis
674 2499 794 2588 primi.
823 2509 859 2567 et
886 2499 1019 2568 mensis
1026 2489 1177 2616 quarti.
1203 2499 1326 2566 fiant
1316 2523 1353 2566 ιιι
1379 2499 1523 2580 ieiuniis
1551 2501 1756 2590 prenotatis.

384 2595 599 2668 diatribucio
633 2608 755 2668 autem
792 2597 1004 2668 facienda
993 2623 1031 2667 ιιι
1057 2599 1193 2668 ieiunio
1218 2609 1376 2690 quatuor
1400 2609 1605 2688 temporum
1635 2599 1761 2670 mensis

382 2699 539 2787 septimi.
579 2697 801 2768 differatur
791 2721 829 2766 ιι
830 2697 1017 2796 uigiliam
1043 2692 1158 2772 sancti
1184 2697 1341 2770 Martini.
1382 2707 1418 2768 ιι
1446 2699 1661 2781 extendatur
1686 2721 1763 2769 una

384 2819 527 2892 queque
551 2801 883 2892 prenominatorum
910 2791 1212 2872 distribucionum
1240 2775 1358 2868 limen
1385 2797 1428 2868 ad
1456 2807 1555 2897 tunc
1568 2809 1760 2890 presentes.

385 2899 545 2990 exceptis
577 2896 669 2983 hiis,
707 2899 769 2993 qui
797 2921 864 2990 per
889 2920 955 2969 nos
982 2898 1081 2970 missi
1105 2908 1361 2990 processerunt
1386 2897 1433 2969 nd
1459 2887 1685 2991 expedienda
1710 2922 1762 2967 nc·

385 2997 497 3113 gptis.
532 3011 677 3088 praeter
710 2997 923 3079 calcearium
958 3009 993 3067 et
1019 2997 1262 3086 oblegiariuua
1288 3021 1396 3091 quem
1421 2997 1640 3068 admodum
1667 3019 1762 3089 supe·

386 3097 463 3166 rius
490 3106 544 3166 est
570 3117 793 3188 expressum.
844 3094 932 3164 item
959 3097 1190 3167 decernimus
1213 3106 1253 3166 ut
1278 3119 1351 3190 que
1379 3097 1510 3166 dantur
1527 3099 1569 3167 de
1586 3098 1761 3177 remediis,

385 3195 600 3280 offertoriis,
626 3205 662 3264 ιι
687 3195 793 3266 nouis
820 3195 1002 3284 hystoriis,
1030 3195 1271 3265 extendantur
1296 3198 1415 3267 solun
1441 3198 1487 3266 ad
1513 3208 1599 3268 tunc
1620 3219 1761 3289 presen-

385 3305 452 3366 tes.
503 3297 593 3364 ltem
631 3317 712 3364 cum
747 3293 971 3367 confratrum
1004 3305 1042 3366 ιι
1075 3296 1402 3368 concanonicorum
1428 3307 1638 3375 nostrorum
1664 3297 1761 3367 nobis

386 3393 654 3466 comanentium
679 3395 826 3487 quidam
852 3416 920 3486 per
944 3417 983 3466 se
1009 3407 1138 3490 regant
1164 3397 1343 3488 hospitia,
1385 3397 1534 3490 quidam
1557 3397 1679 3466 autern
1705 3400 1761 3465 ho·

386 3493 567 3585 spitcntur
606 3495 705 3586 apud
734 3495 836 3566 alios.
864 3494 1091 3568 decernendo
1118 3497 1422 3588 pronunciamus,
1462 3507 1503 3564 ut
1527 3498 1698 3567 uictualin
1721 3494 1762 3564 ad

387 3593 599 3685 coquinam,
625 3595 842 3684 pertinentia
867 3597 1154 3690 quibuscumque
1181 3597 1386 3665 nominibus
1410 3607 1624 3666 censeantur
1639 3600 1761 3668 dentur

385 3693 473 3764 solis
505 3695 744 3783 presentibus.
780 3698 948 3815 exceptis
976 3698 1148 3768 carnibus
1172 3707 1217 3766 et
1242 3697 1417 3768 artocreis
1442 3719 1532 3790 quas
1558 3717 1625 3789 per
1650 3720 1688 3768 ιι
1714 3717 1761 3763 re·

385 3793 554 3888 gentibus
587 3795 746 3890 hospitia
780 3798 890 3867 taras‘
878 3823 916 3867 m
942 3797 1113 3880 absencia
1138 3819 1246 3914 quarn
1273 3798 1310 3866 in
1336 3797 1524 3892 presencia
1551 3819 1678 3868 eorum
1705 3791 1761 3866 mi·

385 3893 531 3964 nistrari
567 3895 817 3968 mandamus·
860 3897 985 3986 Deliis
1019 3899 1141 3992 itnqus
1167 3893 1230 3991 qui
1255 3919 1323 3988 per
1348 3918 1413 3967 nos
1440 3896 1543 3968 missi
1566 3895 1761 3988 procedunt

385 3992 432 4064 ad
465 3995 691 4088 expedienda
722 3989 875 4094 negotia
908 3998 967 4066 sic
997 3997 1165 4069 duximus
1185 3997 1497 4087 distingcrsndum
1522 3997 1620 4089 'quud
1645 3999 1761 4086 siper

387 4113 426 4168 se
455 4108 600 4192 regunt
612 4099 795 4192 Hospitis,
834 4097 1037 4195 percipient
1069 4099 1213 4171 interim
1245 4089 1450 4192 prebendas
1470 4115 1557 4170 suas
1584 4093 1760 4190 integrali·
