<?xml version="1.0" encoding="UTF-8"?>
<!DOCTYPE html PUBLIC "-//W3C//DTD XHTML 1.0 Transitional//EN"
    "http://www.w3.org/TR/xhtml1/DTD/xhtml1-transitional.dtd">
<html xmlns="http://www.w3.org/1999/xhtml" xml:lang="en" lang="en">
 <head>
  <title>
</title>
<meta http-equiv="Content-Type" content="text/html;charset=utf-8" />
  <meta name='ocr-system' content='tesseract 3.04.00' />
  <meta name='ocr-capabilities' content='ocr_page ocr_carea ocr_par ocr_line ocrx_word'/>
</head>
<body>
  <div class='ocr_page' id='page_1' title='image "./monumentaboicae22landgoog_0386.png"; bbox 0 0 3746 4720; ppageno 0'>
   <div class='ocr_carea' id='block_1_1' title="bbox 320 192 1384 408">
    <p class='ocr_par' dir='ltr' id='par_1_1' title="bbox 308 192 1384 408">
     <span class='ocr_line' id='line_1_1' title="bbox 320 192 1384 408; baseline -0.002 -50.022"><span class='ocrx_word' id='word_1_1' title='bbox 320 215 434 408; x_wconf 57' lang='grc' dir='ltr'>ιιι.</span> <span class='ocrx_word' id='word_1_2' title='bbox 583 227 600 390; x_wconf 29' lang='grc' dir='ltr'>Ἰ</span> <span class='ocrx_word' id='word_1_3' title='bbox 679 192 1060 388; x_wconf 76' lang='grc' dir='ltr'>Βιριιιιιιιιιιιιιιι</span> <span class='ocrx_word' id='word_1_4' title='bbox 1093 288 1151 389; x_wconf 75' lang='grc' dir='ltr'><strong>ιι-</strong></span> <span class='ocrx_word' id='word_1_5' title='bbox 1167 265 1384 392; x_wconf 74' lang='lat' dir='ltr'><strong>rescripta</strong></span> 
     </span>
    </p>
   </div>
   <div class='ocr_carea' id='block_1_2' title="bbox 342 485 1717 703">
    <p class='ocr_par' dir='ltr' id='par_1_2' title="bbox 342 485 1717 703">
     <span class='ocr_line' id='line_1_2' title="bbox 342 485 1717 598; baseline 0.001 -16"><span class='ocrx_word' id='word_1_6' title='bbox 342 499 399 582; x_wconf 78' lang='lat' dir='ltr'><strong>luis</strong></span> <span class='ocrx_word' id='word_1_7' title='bbox 425 512 611 580; x_wconf 85' lang='lat' dir='ltr'><strong>hominum</strong></span> <span class='ocrx_word' id='word_1_8' title='bbox 638 503 707 578; x_wconf 87' lang='lat' dir='ltr'><strong>eibi</strong></span> <span class='ocrx_word' id='word_1_9' title='bbox 733 485 824 577; x_wconf 86' lang='lat' dir='ltr'><strong>hanc</strong></span> <span class='ocrx_word' id='word_1_10' title='bbox 859 527 1003 576; x_wconf 85' lang='lat' dir='ltr'><strong>causam</strong></span> <span class='ocrx_word' id='word_1_11' title='bbox 1036 509 1093 578; x_wconf 87' lang='lat' dir='ltr'><strong>vel</strong></span> <span class='ocrx_word' id='word_1_12' title='bbox 1127 513 1347 598; x_wconf 77' lang='lat' dir='ltr'><strong>patestatem</strong></span> <span class='ocrx_word' id='word_1_13' title='bbox 1382 520 1568 596; x_wconf 74' lang='lat' dir='ltr'><strong>presumat</strong></span> <span class='ocrx_word' id='word_1_14' title='bbox 1598 515 1717 584; x_wconf 83' lang='lat' dir='ltr'><strong>vendi·</strong></span> 
     </span>
     <span class='ocr_line' id='line_1_3' title="bbox 344 604 1716 703; baseline -0.004 -21"><span class='ocrx_word' id='word_1_15' title='bbox 344 635 438 682; x_wconf 86' lang='lat' dir='ltr'><strong>care.</strong></span> <span class='ocrx_word' id='word_1_16' title='bbox 474 612 532 680; x_wconf 82' lang='lat' dir='ltr'><strong>vel</strong></span> <span class='ocrx_word' id='word_1_17' title='bbox 559 609 662 703; x_wconf 85' lang='lat' dir='ltr'><strong>quasi</strong></span> <span class='ocrx_word' id='word_1_18' title='bbox 687 608 940 678; x_wconf 86' lang='lat' dir='ltr'><strong>hereditariam</strong></span> <span class='ocrx_word' id='word_1_19' title='bbox 976 617 1038 674; x_wconf 77' lang='lat' dir='ltr'><strong>aul</strong></span> <span class='ocrx_word' id='word_1_20' title='bbox 1070 607 1192 699; x_wconf 89' lang='lat' dir='ltr'><strong>aliquo</strong></span> <span class='ocrx_word' id='word_1_21' title='bbox 1227 607 1309 674; x_wconf 86' lang='lat' dir='ltr'><strong>iure</strong></span> <span class='ocrx_word' id='word_1_22' title='bbox 1344 604 1502 676; x_wconf 87' lang='lat' dir='ltr'><strong>debitam</strong></span> <span class='ocrx_word' id='word_1_23' title='bbox 1536 612 1716 686; x_wconf 83' lang='lat' dir='ltr'><strong>inuadere.</strong></span> 
     </span>
    </p>
   </div>
   <div class='ocr_carea' id='block_1_3' title="bbox 121 707 1719 803">
    <p class='ocr_par' dir='ltr' id='par_1_3' title="bbox 121 707 1719 803">
     <span class='ocr_line' id='line_1_4' title="bbox 121 707 1719 803; baseline 0.003 -25"><span class='ocrx_word' id='word_1_24' title='bbox 121 745 126 766; x_wconf 90' lang='lat'>·</span> <span class='ocrx_word' id='word_1_25' title='bbox 258 717 264 726; x_wconf 82' lang='grc'><strong>“</strong></span> <span class='ocrx_word' id='word_1_26' title='bbox 343 712 412 781; x_wconf 85' lang='lat' dir='ltr'><strong>nisi</strong></span> <span class='ocrx_word' id='word_1_27' title='bbox 439 732 546 803; x_wconf 88' lang='lat' dir='ltr'><strong>quem</strong></span> <span class='ocrx_word' id='word_1_28' title='bbox 579 709 719 778; x_wconf 88' lang='lat' dir='ltr'><strong>abbatia</strong></span> <span class='ocrx_word' id='word_1_29' title='bbox 753 719 789 778; x_wconf 89' lang='lat' dir='ltr'><strong>et</strong></span> <span class='ocrx_word' id='word_1_30' title='bbox 822 710 1081 776; x_wconf 86' lang='lat' dir='ltr'><strong>monachorum</strong></span> <span class='ocrx_word' id='word_1_31' title='bbox 1115 708 1276 788; x_wconf 83' lang='lat' dir='ltr'><strong>consulta</strong></span> <span class='ocrx_word' id='word_1_32' title='bbox 1313 709 1574 796; x_wconf 78' lang='lat' dir='ltr'><strong>approbatiora</strong></span> <span class='ocrx_word' id='word_1_33' title='bbox 1608 707 1719 784; x_wconf 76' lang='lat' dir='ltr'><strong>uelint</strong></span> 
     </span>
    </p>
   </div>
   <div class='ocr_carea' id='block_1_4' title="bbox 341 806 1720 1104">
    <p class='ocr_par' dir='ltr' id='par_1_4' title="bbox 341 806 1720 1104">
     <span class='ocr_line' id='line_1_5' title="bbox 342 806 1720 898; baseline 0.003 -18"><span class='ocrx_word' id='word_1_34' title='bbox 342 810 530 881; x_wconf 73' lang='lat' dir='ltr'><strong>admittere</strong></span> <span class='ocrx_word' id='word_1_35' title='bbox 571 811 626 879; x_wconf 84' lang='lat' dir='ltr'><strong>Eo</strong></span> <span class='ocrx_word' id='word_1_36' title='bbox 652 820 772 878; x_wconf 88' lang='lat' dir='ltr'><strong>tamen</strong></span> <span class='ocrx_word' id='word_1_37' title='bbox 799 817 946 877; x_wconf 58' lang='lat' dir='ltr'><strong>tenore:</strong></span> <span class='ocrx_word' id='word_1_38' title='bbox 970 817 1009 874; x_wconf 89' lang='lat' dir='ltr'><strong>ut</strong></span> <span class='ocrx_word' id='word_1_39' title='bbox 1032 806 1120 896; x_wconf 69' lang='lat' dir='ltr'><strong>‘post</strong></span> <span class='ocrx_word' id='word_1_40' title='bbox 1143 806 1358 890; x_wconf 70' lang='lat' dir='ltr'><strong>fidelitatem</strong></span> <span class='ocrx_word' id='word_1_41' title='bbox 1379 807 1487 898; x_wconf 73' lang='lat' dir='ltr'><strong>regio</strong></span> <span class='ocrx_word' id='word_1_42' title='bbox 1514 811 1593 880; x_wconf 85' lang='lat' dir='ltr'><strong>iure</strong></span> <span class='ocrx_word' id='word_1_43' title='bbox 1613 815 1720 884; x_wconf 75' lang='lat' dir='ltr'><strong>nobis</strong></span> 
     </span>
     <span class='ocr_line' id='line_1_6' title="bbox 341 906 1719 1006; baseline 0.001 -25"><span class='ocrx_word' id='word_1_44' title='bbox 341 912 547 1006; x_wconf 78' lang='lat' dir='ltr'><strong>nostrisque</strong></span> <span class='ocrx_word' id='word_1_45' title='bbox 573 909 841 978; x_wconf 81' lang='lat' dir='ltr'><strong>successoribus</strong></span> <span class='ocrx_word' id='word_1_46' title='bbox 862 909 994 976; x_wconf 83' lang='lat' dir='ltr'><strong>factam</strong></span> <span class='ocrx_word' id='word_1_47' title='bbox 1017 908 1142 976; x_wconf 77' lang='lat' dir='ltr'><strong>abbati</strong></span> <span class='ocrx_word' id='word_1_48' title='bbox 1160 908 1243 976; x_wconf 71' lang='lat' dir='ltr'><strong>tria</strong></span> <span class='ocrx_word' id='word_1_49' title='bbox 1255 919 1486 977; x_wconf 73' lang='lat' dir='ltr'><strong>sacramenta</strong></span> <span class='ocrx_word' id='word_1_50' title='bbox 1506 906 1611 981; x_wconf 88' lang='lat' dir='ltr'><strong>iuret.</strong></span> <span class='ocrx_word' id='word_1_51' title='bbox 1648 916 1719 984; x_wconf 90' lang='lat' dir='ltr'><strong>Pri-</strong></span> 
     </span>
     <span class='ocr_line' id='line_1_7' title="bbox 342 1007 1719 1104; baseline 0.001 -22"><span class='ocrx_word' id='word_1_52' title='bbox 342 1033 440 1082; x_wconf 84' lang='lat' dir='ltr'><strong>naum</strong></span> <span class='ocrx_word' id='word_1_53' title='bbox 466 1009 564 1104; x_wconf 82' lang='lat' dir='ltr'><strong>quod</strong></span> <span class='ocrx_word' id='word_1_54' title='bbox 591 1010 787 1079; x_wconf 88' lang='lat' dir='ltr'><strong>secundum</strong></span> <span class='ocrx_word' id='word_1_55' title='bbox 814 1030 920 1098; x_wconf 86' lang='lat' dir='ltr'><strong>posse</strong></span> <span class='ocrx_word' id='word_1_56' title='bbox 948 1017 983 1074; x_wconf 88' lang='lat' dir='ltr'><strong>et</strong></span> <span class='ocrx_word' id='word_1_57' title='bbox 1018 1027 1125 1076; x_wconf 83' lang='lat' dir='ltr'><strong>nosse</strong></span> <span class='ocrx_word' id='word_1_58' title='bbox 1159 1007 1272 1078; x_wconf 87' lang='lat' dir='ltr'><strong>iuetus</strong></span> <span class='ocrx_word' id='word_1_59' title='bbox 1308 1029 1349 1076; x_wconf 92' lang='lat' dir='ltr'><strong>ac</strong></span> <span class='ocrx_word' id='word_1_60' title='bbox 1382 1009 1482 1078; x_wconf 86' lang='lat' dir='ltr'><strong>utilia</strong></span> <span class='ocrx_word' id='word_1_61' title='bbox 1520 1012 1719 1084; x_wconf 85' lang='lat' dir='ltr'><strong>aduocatos</strong></span> 
     </span>
    </p>
   </div>
   <div class='ocr_carea' id='block_1_5' title="bbox 211 1087 1721 1210">
    <p class='ocr_par' dir='ltr' id='par_1_5' title="bbox 211 1087 1721 1210">
     <span class='ocr_line' id='line_1_8' title="bbox 211 1087 1721 1210; baseline 0.002 -29"><span class='ocrx_word' id='word_1_62' title='bbox 211 1105 221 1127; x_wconf 80' lang='lat'>‘</span> <span class='ocrx_word' id='word_1_63' title='bbox 341 1115 379 1182; x_wconf 80' lang='lat' dir='ltr'><strong>in</strong></span> <span class='ocrx_word' id='word_1_64' title='bbox 404 1134 462 1184; x_wconf 82' lang='lat' dir='ltr'><strong>rea</strong></span> <span class='ocrx_word' id='word_1_65' title='bbox 487 1122 524 1180; x_wconf 91' lang='lat' dir='ltr'><strong>et</strong></span> <span class='ocrx_word' id='word_1_66' title='bbox 556 1109 722 1185; x_wconf 72' lang='lat' dir='ltr'><strong>homiues</strong></span> <span class='ocrx_word' id='word_1_67' title='bbox 754 1107 924 1200; x_wconf 77' lang='lat' dir='ltr'><strong>predicti</strong></span> <span class='ocrx_word' id='word_1_68' title='bbox 934 1107 1153 1210; x_wconf 74' lang='lat' dir='ltr'><strong>monopterii</strong></span> <span class='ocrx_word' id='word_1_69' title='bbox 1172 1109 1330 1209; x_wconf 76' lang='lat' dir='ltr'><strong>existat.</strong></span> <span class='ocrx_word' id='word_1_70' title='bbox 1381 1110 1590 1192; x_wconf 80' lang='lat' dir='ltr'><strong>Secundum</strong></span> <span class='ocrx_word' id='word_1_71' title='bbox 1621 1087 1721 1207; x_wconf 71' lang='lat' dir='ltr'><strong>quod</strong></span> 
     </span>
    </p>
   </div>
   <div class='ocr_carea' id='block_1_6' title="bbox 325 1196 1721 1710">
    <p class='ocr_par' dir='ltr' id='par_1_6' title="bbox 325 1196 1721 1710">
     <span class='ocr_line' id='line_1_9' title="bbox 342 1196 1721 1310; baseline 0.001 -28"><span class='ocrx_word' id='word_1_72' title='bbox 342 1207 515 1306; x_wconf 75' lang='lat' dir='ltr'><strong>quicquid</strong></span> <span class='ocrx_word' id='word_1_73' title='bbox 541 1210 756 1302; x_wconf 69' lang='lat' dir='ltr'><strong>placitando</strong></span> <span class='ocrx_word' id='word_1_74' title='bbox 771 1208 1019 1302; x_wconf 75' lang='lat' dir='ltr'><strong>acquisierit</strong></span> <span class='ocrx_word' id='word_1_75' title='bbox 1014 1196 1125 1278; x_wconf 79' lang='lat' dir='ltr'><strong>te&#39;rcia</strong></span> <span class='ocrx_word' id='word_1_76' title='bbox 1159 1217 1296 1296; x_wconf 66' lang='lat' dir='ltr'><strong>tantum</strong></span> <span class='ocrx_word' id='word_1_77' title='bbox 1312 1220 1455 1310; x_wconf 80' lang='lat' dir='ltr'><strong>parte</strong></span> <span class='ocrx_word' id='word_1_78' title='bbox 1471 1213 1542 1282; x_wconf 88' lang='lat' dir='ltr'><strong>sibi</strong></span> <span class='ocrx_word' id='word_1_79' title='bbox 1576 1226 1721 1293; x_wconf 77' lang='lat' dir='ltr'><strong>retenta</strong></span> 
     </span>
     <span class='ocr_line' id='line_1_10' title="bbox 341 1283 1717 1416; baseline 0.001 -34"><span class='ocrx_word' id='word_1_80' title='bbox 341 1315 428 1382; x_wconf 83' lang='lat' dir='ltr'><strong>duaa</strong></span> <span class='ocrx_word' id='word_1_81' title='bbox 455 1309 575 1379; x_wconf 82' lang='lat' dir='ltr'><strong>abbati</strong></span> <span class='ocrx_word' id='word_1_82' title='bbox 602 1310 729 1396; x_wconf 85' lang='lat' dir='ltr'><strong>reddat</strong></span> <span class='ocrx_word' id='word_1_83' title='bbox 751 1319 799 1416; x_wconf 46' lang='lat' dir='ltr'><strong>&#39;et</strong></span> <span class='ocrx_word' id='word_1_84' title='bbox 831 1310 971 1407; x_wconf 80' lang='lat' dir='ltr'><strong>nullurn</strong></span> <span class='ocrx_word' id='word_1_85' title='bbox 1005 1283 1235 1388; x_wconf 78' lang='lat' dir='ltr'><strong>aduocatuna</strong></span> <span class='ocrx_word' id='word_1_86' title='bbox 1256 1310 1312 1381; x_wconf 88' lang='lat' dir='ltr'><strong>vel</strong></span> <span class='ocrx_word' id='word_1_87' title='bbox 1348 1320 1554 1395; x_wconf 80' lang='lat' dir='ltr'><strong>exactorem</strong></span> <span class='ocrx_word' id='word_1_88' title='bbox 1594 1328 1717 1406; x_wconf 81' lang='lat' dir='ltr'><strong>preter</strong></span> 
     </span>
     <span class='ocr_line' id='line_1_11' title="bbox 342 1385 1717 1528; baseline 0.002 -46.042"><span class='ocrx_word' id='word_1_89' title='bbox 342 1434 380 1482; x_wconf 84' lang='lat' dir='ltr'><strong>ae</strong></span> <span class='ocrx_word' id='word_1_90' title='bbox 406 1411 484 1480; x_wconf 88' lang='lat' dir='ltr'><strong>sine</strong></span> <span class='ocrx_word' id='word_1_91' title='bbox 509 1412 648 1480; x_wconf 87' lang='lat' dir='ltr'><strong>abbatis</strong></span> <span class='ocrx_word' id='word_1_92' title='bbox 674 1393 914 1528; x_wconf 76' lang='lat' dir='ltr'><strong>perdrissipne</strong></span> <span class='ocrx_word' id='word_1_93' title='bbox 923 1408 1164 1488; x_wconf 48' lang='lat' dir='ltr'><strong>constituat?</strong></span> <span class='ocrx_word' id='word_1_94' title='bbox 1194 1399 1371 1476; x_wconf 83' lang='lat' dir='ltr'><strong>Tercium</strong></span> <span class='ocrx_word' id='word_1_95' title='bbox 1378 1385 1489 1518; x_wconf 55' lang='lat' dir='ltr'><strong>prod</strong></span> <span class='ocrx_word' id='word_1_96' title='bbox 1509 1413 1621 1484; x_wconf 86' lang='lat' dir='ltr'><strong>nichil</strong></span> <span class='ocrx_word' id='word_1_97' title='bbox 1643 1417 1717 1508; x_wconf 86' lang='lat' dir='ltr'><strong>pri·</strong></span> 
     </span>
     <span class='ocr_line' id='line_1_12' title="bbox 343 1499 1719 1613; baseline 0.004 -32"><span class='ocrx_word' id='word_1_98' title='bbox 343 1511 417 1581; x_wconf 84' lang='lat' dir='ltr'><strong>uati</strong></span> <span class='ocrx_word' id='word_1_99' title='bbox 443 1503 603 1581; x_wconf 81' lang='lat' dir='ltr'><strong>muneris</strong></span> <span class='ocrx_word' id='word_1_100' title='bbox 629 1512 684 1580; x_wconf 77' lang='lat' dir='ltr'><strong>vel</strong></span> <span class='ocrx_word' id='word_1_101' title='bbox 711 1507 858 1586; x_wconf 81' lang='lat' dir='ltr'><strong>seruicii</strong></span> <span class='ocrx_word' id='word_1_102' title='bbox 884 1528 904 1576; x_wconf 91' lang='lat' dir='ltr'><strong>a</strong></span> <span class='ocrx_word' id='word_1_103' title='bbox 930 1506 1093 1613; x_wconf 73' lang='lat' dir='ltr'><strong>quolibet</strong></span> <span class='ocrx_word' id='word_1_104' title='bbox 1115 1509 1196 1593; x_wconf 78' lang='lat' dir='ltr'><strong>loco</strong></span> <span class='ocrx_word' id='word_1_105' title='bbox 1213 1503 1300 1576; x_wconf 86' lang='lat' dir='ltr'><strong>siue</strong></span> <span class='ocrx_word' id='word_1_106' title='bbox 1328 1499 1430 1580; x_wconf 81' lang='lat' dir='ltr'><strong>cu&#39;rta</strong></span> <span class='ocrx_word' id='word_1_107' title='bbox 1456 1531 1519 1582; x_wconf 85' lang='lat' dir='ltr'><strong>ceu</strong></span> <span class='ocrx_word' id='word_1_108' title='bbox 1546 1537 1567 1581; x_wconf 89' lang='lat' dir='ltr'><strong>a</strong></span> <span class='ocrx_word' id='word_1_109' title='bbox 1594 1513 1719 1587; x_wconf 76' lang='lat' dir='ltr'><strong>cellae</strong></span> 
     </span>
     <span class='ocr_line' id='line_1_13' title="bbox 325 1597 1719 1710; baseline 0.007 -31"><span class='ocrx_word' id='word_1_110' title='bbox 325 1611 450 1680; x_wconf 70' lang='lat' dir='ltr'><strong>rasile</strong></span> <span class='ocrx_word' id='word_1_111' title='bbox 476 1609 578 1704; x_wconf 88' lang='lat' dir='ltr'><strong>quasi</strong></span> <span class='ocrx_word' id='word_1_112' title='bbox 604 1633 651 1678; x_wconf 91' lang='lat' dir='ltr'><strong>ex</strong></span> <span class='ocrx_word' id='word_1_113' title='bbox 673 1607 797 1676; x_wconf 85' lang='lat' dir='ltr'><strong>deliito</strong></span> <span class='ocrx_word' id='word_1_114' title='bbox 824 1617 860 1674; x_wconf 84' lang='lat' dir='ltr'><strong>et</strong></span> <span class='ocrx_word' id='word_1_115' title='bbox 886 1617 1018 1677; x_wconf 86' lang='lat' dir='ltr'><strong>statuto</strong></span> <span class='ocrx_word' id='word_1_116' title='bbox 1040 1597 1121 1674; x_wconf 82' lang='lat' dir='ltr'><strong>itlre</strong></span> <span class='ocrx_word' id='word_1_117' title='bbox 1138 1609 1269 1697; x_wconf 78' lang='lat' dir='ltr'><strong>arrigat</strong></span> <span class='ocrx_word' id='word_1_118' title='bbox 1296 1631 1338 1677; x_wconf 90' lang='lat' dir='ltr'><strong>ao</strong></span> <span class='ocrx_word' id='word_1_119' title='bbox 1361 1605 1565 1684; x_wconf 79' lang='grc' dir='ltr'>ιιιιιιιοιιιι</span> <span class='ocrx_word' id='word_1_120' title='bbox 1584 1623 1622 1686; x_wconf 78' lang='lat' dir='ltr'><strong>et</strong></span> <span class='ocrx_word' id='word_1_121' title='bbox 1639 1641 1719 1710; x_wconf 83' lang='lat' dir='ltr'><strong>par</strong></span> 
     </span>
    </p>
   </div>
   <div class='ocr_carea' id='block_1_7' title="bbox 346 1707 1841 1804">
    <p class='ocr_par' dir='ltr' id='par_1_7' title="bbox 346 1707 1841 1804">
     <span class='ocr_line' id='line_1_14' title="bbox 346 1707 1841 1804; baseline 0.007 -24"><span class='ocrx_word' id='word_1_122' title='bbox 346 1713 572 1780; x_wconf 76' lang='lat' dir='ltr'><strong>nortaticnes</strong></span> <span class='ocrx_word' id='word_1_123' title='bbox 600 1709 739 1800; x_wconf 85' lang='lat' dir='ltr'><strong>uspiam</strong></span> <span class='ocrx_word' id='word_1_124' title='bbox 765 1707 999 1804; x_wconf 79' lang='lat' dir='ltr'><strong>frequentare</strong></span> <span class='ocrx_word' id='word_1_125' title='bbox 1017 1719 1154 1778; x_wconf 80' lang='lat' dir='ltr'><strong>caucet.</strong></span> <span class='ocrx_word' id='word_1_126' title='bbox 1182 1709 1350 1803; x_wconf 78' lang='lat' dir='ltr'><strong>Quando</strong></span> <span class='ocrx_word' id='word_1_127' title='bbox 1358 1721 1478 1784; x_wconf 79' lang='lat' dir='ltr'><strong>aulana</strong></span> <span class='ocrx_word' id='word_1_128' title='bbox 1495 1717 1600 1787; x_wconf 85' lang='lat' dir='ltr'><strong>huius</strong></span> <span class='ocrx_word' id='word_1_129' title='bbox 1625 1739 1717 1790; x_wconf 85' lang='lat' dir='ltr'><strong>com·</strong></span> <span class='ocrx_word' id='word_1_130' title='bbox 1836 1717 1841 1731; x_wconf 91' lang='lat'>&#39;</span> 
     </span>
    </p>
   </div>
   <div class='ocr_carea' id='block_1_8' title="bbox 345 1795 1718 2102">
    <p class='ocr_par' dir='ltr' id='par_1_8' title="bbox 345 1795 1718 2102">
     <span class='ocr_line' id='line_1_15' title="bbox 345 1795 1718 1906; baseline -0.004 -26"><span class='ocrx_word' id='word_1_131' title='bbox 345 1811 444 1880; x_wconf 81' lang='lat' dir='ltr'><strong>missi</strong></span> <span class='ocrx_word' id='word_1_132' title='bbox 469 1810 507 1881; x_wconf 86' lang='lat' dir='ltr'><strong>in</strong></span> <span class='ocrx_word' id='word_1_133' title='bbox 532 1809 642 1878; x_wconf 81' lang='lat' dir='ltr'><strong>rebus</strong></span> <span class='ocrx_word' id='word_1_134' title='bbox 666 1811 725 1876; x_wconf 82' lang='lat' dir='ltr'><strong>vel</strong></span> <span class='ocrx_word' id='word_1_135' title='bbox 750 1795 956 1877; x_wconf 79' lang='lat' dir='ltr'><strong>haminibus</strong></span> <span class='ocrx_word' id='word_1_136' title='bbox 982 1807 1085 1899; x_wconf 86' lang='lat' dir='ltr'><strong>quod</strong></span> <span class='ocrx_word' id='word_1_137' title='bbox 1105 1810 1216 1898; x_wconf 79' lang='lat' dir='ltr'><strong>vulgo</strong></span> <span class='ocrx_word' id='word_1_138' title='bbox 1248 1809 1414 1884; x_wconf 68' lang='lat' dir='ltr'><strong>balmum</strong></span> <span class='ocrx_word' id='word_1_139' title='bbox 1448 1815 1583 1886; x_wconf 66' lang='lat' dir='ltr'><strong>dicitur</strong></span> <span class='ocrx_word' id='word_1_140' title='bbox 1615 1824 1718 1906; x_wconf 54' lang='lat' dir='ltr'><strong>mre</strong></span> 
     </span>
     <span class='ocr_line' id='line_1_16' title="bbox 345 1897 1717 2012; baseline 0.005 -32"><span class='ocrx_word' id='word_1_141' title='bbox 345 1910 432 1980; x_wconf 88' lang='lat' dir='ltr'><strong>terit</strong></span> <span class='ocrx_word' id='word_1_142' title='bbox 457 1910 576 1986; x_wconf 82' lang='lat' dir='ltr'><strong>statim</strong></span> <span class='ocrx_word' id='word_1_143' title='bbox 601 1919 638 1978; x_wconf 86' lang='lat' dir='ltr'><strong>at</strong></span> <span class='ocrx_word' id='word_1_144' title='bbox 663 1909 740 1977; x_wconf 87' lang='lat' dir='ltr'><strong>sine</strong></span> <span class='ocrx_word' id='word_1_145' title='bbox 766 1929 868 1976; x_wconf 87' lang='lat' dir='ltr'><strong>mora</strong></span> <span class='ocrx_word' id='word_1_146' title='bbox 897 1897 936 1976; x_wconf 74' lang='grc' dir='ltr'><strong>ιι</strong></span> <span class='ocrx_word' id='word_1_147' title='bbox 970 1909 1048 1976; x_wconf 81' lang='lat' dir='ltr'><strong>aina</strong></span> <span class='ocrx_word' id='word_1_148' title='bbox 1082 1907 1281 1997; x_wconf 88' lang='lat' dir='ltr'><strong>preiudicio</strong></span> <span class='ocrx_word' id='word_1_149' title='bbox 1316 1911 1387 1980; x_wconf 87' lang='lat' dir='ltr'><strong>uisi</strong></span> <span class='ocrx_word' id='word_1_150' title='bbox 1422 1915 1494 1984; x_wconf 85' lang='lat' dir='ltr'><strong>cito</strong></span> <span class='ocrx_word' id='word_1_151' title='bbox 1525 1918 1717 2012; x_wconf 78' lang='lat' dir='ltr'><strong>resipuerit</strong></span> 
     </span>
     <span class='ocr_line' id='line_1_17' title="bbox 348 2007 1718 2102; baseline 0.01 -25"><span class='ocrx_word' id='word_1_152' title='bbox 348 2007 536 2078; x_wconf 80' lang='lat' dir='ltr'><strong>aduocatis</strong></span> <span class='ocrx_word' id='word_1_153' title='bbox 562 2032 643 2082; x_wconf 86' lang='lat' dir='ltr'><strong>cum</strong></span> <span class='ocrx_word' id='word_1_154' title='bbox 670 2008 836 2086; x_wconf 87' lang='lat' dir='ltr'><strong>omnibus</strong></span> <span class='ocrx_word' id='word_1_155' title='bbox 864 2007 1062 2076; x_wconf 84' lang='lat' dir='ltr'><strong>commodis</strong></span> <span class='ocrx_word' id='word_1_156' title='bbox 1090 2007 1167 2076; x_wconf 87' lang='lat' dir='ltr'><strong>eine</strong></span> <span class='ocrx_word' id='word_1_157' title='bbox 1200 2030 1263 2097; x_wconf 89' lang='lat' dir='ltr'><strong>ape</strong></span> <span class='ocrx_word' id='word_1_158' title='bbox 1297 2016 1585 2102; x_wconf 82' lang='lat' dir='ltr'><strong>recuperationis</strong></span> <span class='ocrx_word' id='word_1_159' title='bbox 1622 2043 1718 2091; x_wconf 91' lang='lat' dir='ltr'><strong>care-</strong></span> 
     </span>
    </p>
   </div>
   <div class='ocr_carea' id='block_1_9' title="bbox 1870 1665 1876 2280">
    <p class='ocr_par' dir='ltr' id='par_1_9' title="bbox 1870 1665 1876 2280">
     <span class='ocr_line' id='line_1_18' title="bbox 1870 1665 1876 2280; baseline 0 0"><span class='ocrx_word' id='word_1_160' title='bbox 1870 1665 1876 2280; x_wconf 95' lang='lat' dir='ltr'><strong> </strong></span> 
     </span>
    </p>
   </div>
   <div class='ocr_carea' id='block_1_10' title="bbox 251 2108 1845 2204">
    <p class='ocr_par' dir='ltr' id='par_1_10' title="bbox 251 2108 1845 2204">
     <span class='ocr_line' id='line_1_19' title="bbox 251 2108 1845 2204; baseline 0.006 -22"><span class='ocrx_word' id='word_1_161' title='bbox 251 2173 257 2182; x_wconf 91' lang='lat'>.</span> <span class='ocrx_word' id='word_1_162' title='bbox 347 2109 402 2180; x_wconf 83' lang='lat' dir='ltr'><strong>bit</strong></span> <span class='ocrx_word' id='word_1_163' title='bbox 437 2109 492 2178; x_wconf 83' lang='lat' dir='ltr'><strong>Ad</strong></span> <span class='ocrx_word' id='word_1_164' title='bbox 516 2129 810 2201; x_wconf 85' lang='lat' dir='ltr'><strong>unumquemque</strong></span> <span class='ocrx_word' id='word_1_165' title='bbox 836 2129 924 2176; x_wconf 88' lang='lat' dir='ltr'><strong>uero</strong></span> <span class='ocrx_word' id='word_1_166' title='bbox 950 2109 1071 2177; x_wconf 86' lang='lat' dir='ltr'><strong>locum</strong></span> <span class='ocrx_word' id='word_1_167' title='bbox 1105 2119 1214 2200; x_wconf 79' lang='lat' dir='ltr'><strong>quem</strong></span> <span class='ocrx_word' id='word_1_168' title='bbox 1249 2109 1359 2179; x_wconf 86' lang='lat' dir='ltr'><strong>abbas</strong></span> <span class='ocrx_word' id='word_1_169' title='bbox 1394 2108 1440 2181; x_wconf 89' lang='lat' dir='ltr'><strong>ad</strong></span> <span class='ocrx_word' id='word_1_170' title='bbox 1473 2117 1717 2204; x_wconf 83' lang='lat' dir='ltr'><strong>placitandum</strong></span> <span class='ocrx_word' id='word_1_171' title='bbox 1844 2175 1845 2180; x_wconf 34' lang='lat'>1</span> 
     </span>
    </p>
   </div>
   <div class='ocr_carea' id='block_1_11' title="bbox 297 2206 1810 2722">
    <p class='ocr_par' dir='ltr' id='par_1_11' title="bbox 297 2206 1810 2700">
     <span class='ocr_line' id='line_1_20' title="bbox 297 2206 1719 2300; baseline 0.011 -23"><span class='ocrx_word' id='word_1_172' title='bbox 297 2286 300 2294; x_wconf 31' lang='lat'>¹</span> <span class='ocrx_word' id='word_1_173' title='bbox 350 2208 573 2278; x_wconf 87' lang='lat' dir='ltr'><strong>ordinauerit</strong></span> <span class='ocrx_word' id='word_1_174' title='bbox 599 2231 681 2278; x_wconf 88' lang='lat' dir='ltr'><strong>cum</strong></span> <span class='ocrx_word' id='word_1_175' title='bbox 707 2206 897 2275; x_wconf 87' lang='lat' dir='ltr'><strong>duodecim</strong></span> <span class='ocrx_word' id='word_1_176' title='bbox 922 2206 1011 2276; x_wconf 87' lang='lat' dir='ltr'><strong>uiris</strong></span> <span class='ocrx_word' id='word_1_177' title='bbox 1045 2219 1082 2275; x_wconf 86' lang='lat' dir='ltr'><strong>et</strong></span> <span class='ocrx_word' id='word_1_178' title='bbox 1113 2207 1275 2275; x_wconf 89' lang='lat' dir='ltr'><strong>todidem</strong></span> <span class='ocrx_word' id='word_1_179' title='bbox 1308 2211 1410 2300; x_wconf 89' lang='lat' dir='ltr'><strong>equis</strong></span> <span class='ocrx_word' id='word_1_180' title='bbox 1446 2214 1643 2289; x_wconf 76' lang='lat' dir='ltr'><strong>aduncatus</strong></span> <span class='ocrx_word' id='word_1_181' title='bbox 1668 2246 1719 2292; x_wconf 88' lang='lat' dir='ltr'><strong>ae</strong></span> 
     </span>
     <span class='ocr_line' id='line_1_21' title="bbox 349 2307 1717 2412; baseline 0.012 -35"><span class='ocrx_word' id='word_1_182' title='bbox 349 2311 423 2378; x_wconf 88' lang='lat' dir='ltr'><strong>mel</strong></span> <span class='ocrx_word' id='word_1_183' title='bbox 447 2317 586 2376; x_wconf 87' lang='lat' dir='ltr'><strong>tantum</strong></span> <span class='ocrx_word' id='word_1_184' title='bbox 612 2309 651 2375; x_wconf 87' lang='lat' dir='ltr'><strong>in</strong></span> <span class='ocrx_word' id='word_1_185' title='bbox 676 2328 770 2375; x_wconf 88' lang='lat' dir='ltr'><strong>anno</strong></span> <span class='ocrx_word' id='word_1_186' title='bbox 793 2307 863 2375; x_wconf 88' lang='lat' dir='ltr'><strong>nisi</strong></span> <span class='ocrx_word' id='word_1_187' title='bbox 890 2324 956 2396; x_wconf 86' lang='lat' dir='ltr'><strong>pro</strong></span> <span class='ocrx_word' id='word_1_188' title='bbox 983 2307 1103 2397; x_wconf 81' lang='lat' dir='ltr'><strong>aliqua</strong></span> <span class='ocrx_word' id='word_1_189' title='bbox 1126 2309 1359 2378; x_wconf 76' lang='lat' dir='ltr'><strong>necessitate·</strong></span> <span class='ocrx_word' id='word_1_190' title='bbox 1366 2310 1412 2378; x_wconf 76' lang='lat' dir='ltr'><strong>al&gt;</strong></span> <span class='ocrx_word' id='word_1_191' title='bbox 1437 2315 1570 2386; x_wconf 87' lang='lat' dir='ltr'><strong>abbate</strong></span> <span class='ocrx_word' id='word_1_192' title='bbox 1597 2323 1717 2412; x_wconf 87' lang='lat' dir='ltr'><strong>sepius</strong></span> 
     </span>
     <span class='ocr_line' id='line_1_22' title="bbox 351 2407 1717 2504; baseline 0.012 -27"><span class='ocrx_word' id='word_1_193' title='bbox 351 2407 548 2477; x_wconf 87' lang='lat' dir='ltr'><strong>aduocatur</strong></span> <span class='ocrx_word' id='word_1_194' title='bbox 572 2407 789 2496; x_wconf 80' lang='lat' dir='ltr'><strong>suscipiatur</strong></span> <span class='ocrx_word' id='word_1_195' title='bbox 812 2427 854 2474; x_wconf 89' lang='lat' dir='ltr'><strong>ac</strong></span> <span class='ocrx_word' id='word_1_196' title='bbox 873 2416 965 2482; x_wconf 86' lang='lat' dir='ltr'><strong>tuno</strong></span> <span class='ocrx_word' id='word_1_197' title='bbox 989 2427 1058 2496; x_wconf 92' lang='lat' dir='ltr'><strong>pro</strong></span> <span class='ocrx_word' id='word_1_198' title='bbox 1084 2415 1204 2474; x_wconf 86' lang='lat' dir='ltr'><strong>tarrae</strong></span> <span class='ocrx_word' id='word_1_199' title='bbox 1230 2410 1405 2500; x_wconf 83' lang='lat' dir='ltr'><strong>qualitate</strong></span> <span class='ocrx_word' id='word_1_200' title='bbox 1438 2423 1562 2504; x_wconf 86' lang='lat' dir='ltr'><strong>preter</strong></span> <span class='ocrx_word' id='word_1_201' title='bbox 1593 2424 1717 2494; x_wconf 81' lang='lat' dir='ltr'><strong>uinum</strong></span> 
     </span>
     <span class='ocr_line' id='line_1_23' title="bbox 351 2507 1810 2623; baseline 0.013 -47"><span class='ocrx_word' id='word_1_202' title='bbox 351 2507 525 2600; x_wconf 85' lang='lat' dir='ltr'><strong>quodibi</strong></span> <span class='ocrx_word' id='word_1_203' title='bbox 551 2517 606 2586; x_wconf 82' lang='lat' dir='ltr'><strong>est</strong></span> <span class='ocrx_word' id='word_1_204' title='bbox 632 2508 1174 2623; x_wconf 75' lang='lat' dir='ltr'><strong>rarumlroneslaprocuratur</strong></span> <span class='ocrx_word' id='word_1_205' title='bbox 1207 2507 1302 2577; x_wconf 81' lang='lat' dir='ltr'><strong>inira</strong></span> <span class='ocrx_word' id='word_1_206' title='bbox 1328 2514 1446 2582; x_wconf 86' lang='lat' dir='ltr'><strong>locum</strong></span> <span class='ocrx_word' id='word_1_207' title='bbox 1481 2526 1602 2588; x_wconf 86' lang='lat' dir='ltr'><strong>autem</strong></span> <span class='ocrx_word' id='word_1_208' title='bbox 1630 2540 1719 2594; x_wconf 86' lang='lat' dir='ltr'><strong>cam·</strong></span> <span class='ocrx_word' id='word_1_209' title='bbox 1808 2579 1810 2584; x_wconf 84' lang='lat'><em>.</em></span> 
     </span>
     <span class='ocr_line' id='line_1_24' title="bbox 350 2605 1720 2722; baseline 0.009 -46"><span class='ocrx_word' id='word_1_210' title='bbox 350 2605 587 2700; x_wconf 87' lang='lat' dir='ltr'><strong>pidonensem</strong></span> <span class='ocrx_word' id='word_1_211' title='bbox 611 2607 750 2675; x_wconf 87' lang='lat' dir='ltr'><strong>nullum</strong></span> <span class='ocrx_word' id='word_1_212' title='bbox 774 2607 949 2696; x_wconf 82' lang='lat' dir='ltr'><strong>placitum</strong></span> <span class='ocrx_word' id='word_1_213' title='bbox 976 2606 1044 2674; x_wconf 88' lang='lat' dir='ltr'><strong>niai</strong></span> <span class='ocrx_word' id='word_1_214' title='bbox 1070 2617 1200 2722; x_wconf 76' lang='lat' dir='ltr'><strong>rogatu</strong></span> <span class='ocrx_word' id='word_1_215' title='bbox 1227 2619 1263 2676; x_wconf 88' lang='lat' dir='ltr'><strong>et</strong></span> <span class='ocrx_word' id='word_1_216' title='bbox 1289 2612 1472 2682; x_wconf 81' lang='lat' dir='ltr'><strong>uoluntate</strong></span> <span class='ocrx_word' id='word_1_217' title='bbox 1496 2618 1695 2695; x_wconf 79' lang='lat' dir='ltr'><strong>abbatia‘</strong></span> <span class='ocrx_word' id='word_1_218' title='bbox 1661 2649 1720 2695; x_wconf 90' lang='grc' dir='ltr'>ιιιι.</span> 
     </span>
    </p>
   </div>
   <div class='ocr_carea' id='block_1_12' title="bbox 351 2699 1833 2800">
    <p class='ocr_par' dir='ltr' id='par_1_12' title="bbox 351 2699 1833 2800">
     <span class='ocr_line' id='line_1_25' title="bbox 351 2699 1833 2800; baseline 0.016 -25"><span class='ocrx_word' id='word_1_219' title='bbox 351 2731 458 2800; x_wconf 85' lang='lat' dir='ltr'><strong>qnam</strong></span> <span class='ocrx_word' id='word_1_220' title='bbox 483 2717 613 2776; x_wconf 86' lang='lat' dir='ltr'><strong>statuat</strong></span> <span class='ocrx_word' id='word_1_221' title='bbox 637 2708 776 2776; x_wconf 84' lang='lat' dir='ltr'><strong>nullum</strong></span> <span class='ocrx_word' id='word_1_222' title='bbox 802 2705 962 2778; x_wconf 82' lang='lat' dir='ltr'><strong>eiusdem</strong></span> <span class='ocrx_word' id='word_1_223' title='bbox 988 2701 1116 2774; x_wconf 79' lang='lat' dir='ltr'><strong>donus</strong></span> <span class='ocrx_word' id='word_1_224' title='bbox 1142 2699 1200 2776; x_wconf 86' lang='lat' dir='ltr'><strong>dei</strong></span> <span class='ocrx_word' id='word_1_225' title='bbox 1227 2710 1446 2782; x_wconf 80' lang='lat' dir='ltr'><strong>seruientem</strong></span> <span class='ocrx_word' id='word_1_226' title='bbox 1478 2717 1556 2786; x_wconf 86' lang='lat' dir='ltr'><strong>aine</strong></span> <span class='ocrx_word' id='word_1_227' title='bbox 1589 2725 1719 2796; x_wconf 80' lang='lat' dir='ltr'><strong>abbate</strong></span> <span class='ocrx_word' id='word_1_228' title='bbox 1827 2699 1833 2710; x_wconf 38' lang='lat'><strong><em>¹</em></strong></span> 
     </span>
    </p>
   </div>
   <div class='ocr_carea' id='block_1_13' title="bbox 351 2806 1718 2912">
    <p class='ocr_par' dir='ltr' id='par_1_13' title="bbox 351 2806 1718 2912">
     <span class='ocr_line' id='line_1_26' title="bbox 351 2806 1718 2912; baseline 0.014 -34"><span class='ocrx_word' id='word_1_229' title='bbox 351 2808 446 2878; x_wconf 77' lang='lat' dir='ltr'><strong>vel&#39;</strong></span> <span class='ocrx_word' id='word_1_230' title='bbox 435 2809 549 2910; x_wconf 78' lang='lat' dir='ltr'><strong>ipsius</strong></span> <span class='ocrx_word' id='word_1_231' title='bbox 575 2825 756 2877; x_wconf 80' lang='lat' dir='ltr'><strong>consensu</strong></span> <span class='ocrx_word' id='word_1_232' title='bbox 784 2807 830 2876; x_wconf 93' lang='lat' dir='ltr'><strong>ad</strong></span> <span class='ocrx_word' id='word_1_233' title='bbox 866 2806 1039 2877; x_wconf 85' lang='lat' dir='ltr'><strong>iudicium</strong></span> <span class='ocrx_word' id='word_1_234' title='bbox 1073 2818 1180 2897; x_wconf 86' lang='lat' dir='ltr'><strong>cogat</strong></span> <span class='ocrx_word' id='word_1_235' title='bbox 1215 2808 1360 2878; x_wconf 89' lang='lat' dir='ltr'><strong>Nullum</strong></span> <span class='ocrx_word' id='word_1_236' title='bbox 1395 2813 1440 2912; x_wconf 88' lang='lat' dir='ltr'><strong>da</strong></span> <span class='ocrx_word' id='word_1_237' title='bbox 1475 2813 1611 2890; x_wconf 81' lang='lat' dir='ltr'><strong>familia</strong></span> <span class='ocrx_word' id='word_1_238' title='bbox 1645 2827 1718 2896; x_wconf 88' lang='lat' dir='ltr'><strong>aiae</strong></span> 
     </span>
    </p>
   </div>
   <div class='ocr_carea' id='block_1_14' title="bbox 174 2906 1720 2994">
    <p class='ocr_par' dir='ltr' id='par_1_14' title="bbox 174 2906 1720 2994">
     <span class='ocr_line' id='line_1_27' title="bbox 174 2906 1720 2994; baseline 0.013 -22"><span class='ocrx_word' id='word_1_239' title='bbox 174 2917 180 2922; x_wconf 83' lang='lat'>&#39;</span> <span class='ocrx_word' id='word_1_240' title='bbox 247 2973 252 2978; x_wconf 77' lang='grc'><strong>,</strong></span> <span class='ocrx_word' id='word_1_241' title='bbox 353 2910 448 2977; x_wconf 82' lang='lat' dir='ltr'><strong>iusta</strong></span> <span class='ocrx_word' id='word_1_242' title='bbox 471 2907 654 2978; x_wconf 85' lang='lat' dir='ltr'><strong>sociorum</strong></span> <span class='ocrx_word' id='word_1_243' title='bbox 678 2907 939 2976; x_wconf 82' lang='lat' dir='ltr'><strong>deliberatione</strong></span> <span class='ocrx_word' id='word_1_244' title='bbox 963 2906 1109 2974; x_wconf 82' lang='lat' dir='ltr'><strong>damnat</strong></span> <span class='ocrx_word' id='word_1_245' title='bbox 1133 2909 1212 2976; x_wconf 82' lang='lat' dir='ltr'><strong>uel</strong></span> <span class='ocrx_word' id='word_1_246' title='bbox 1226 2921 1393 2980; x_wconf 80' lang='lat' dir='ltr'><strong>coereeat</strong></span> <span class='ocrx_word' id='word_1_247' title='bbox 1437 2915 1484 2982; x_wconf 80' lang='lat' dir='ltr'><strong>Et</strong></span> <span class='ocrx_word' id='word_1_248' title='bbox 1507 2929 1547 2985; x_wconf 88' lang='lat' dir='ltr'><strong>ut</strong></span> <span class='ocrx_word' id='word_1_249' title='bbox 1573 2925 1641 2992; x_wconf 83' lang='lat' dir='ltr'><strong>hec</strong></span> <span class='ocrx_word' id='word_1_250' title='bbox 1668 2927 1720 2994; x_wconf 82' lang='lat' dir='ltr'><strong>fir-</strong></span> 
     </span>
    </p>
   </div>
   <div class='ocr_carea' id='block_1_15' title="bbox 329 3004 1721 3204">
    <p class='ocr_par' dir='ltr' id='par_1_15' title="bbox 329 3004 1721 3196">
     <span class='ocr_line' id='line_1_28' title="bbox 353 3004 1721 3108; baseline 0.004 -30"><span class='ocrx_word' id='word_1_251' title='bbox 353 3009 447 3078; x_wconf 74' lang='lat' dir='ltr'><strong>mius</strong></span> <span class='ocrx_word' id='word_1_252' title='bbox 469 3009 664 3078; x_wconf 76' lang='lat' dir='ltr'><strong>credantur</strong></span> <span class='ocrx_word' id='word_1_253' title='bbox 689 3017 725 3075; x_wconf 86' lang='lat' dir='ltr'><strong>et</strong></span> <span class='ocrx_word' id='word_1_254' title='bbox 750 3004 955 3097; x_wconf 82' lang='lat' dir='ltr'><strong>diligentius</strong></span> <span class='ocrx_word' id='word_1_255' title='bbox 983 3017 1245 3075; x_wconf 63' lang='lat' dir='ltr'><strong>consererentur</strong></span> <span class='ocrx_word' id='word_1_256' title='bbox 1270 3028 1378 3079; x_wconf 88' lang='lat' dir='ltr'><strong>manu</strong></span> <span class='ocrx_word' id='word_1_257' title='bbox 1410 3015 1560 3108; x_wconf 84' lang='lat' dir='ltr'><strong>propria</strong></span> <span class='ocrx_word' id='word_1_258' title='bbox 1584 3025 1721 3097; x_wconf 65' lang='lat' dir='ltr'><strong>subter.</strong></span> 
     </span>
     <span class='ocr_line' id='line_1_29' title="bbox 329 3104 1371 3204; baseline 0.005 -30"><span class='ocrx_word' id='word_1_259' title='bbox 329 3104 577 3196; x_wconf 31' lang='lat' dir='ltr'><strong>,firmauirnua</strong></span> <span class='ocrx_word' id='word_1_260' title='bbox 613 3117 649 3177; x_wconf 88' lang='lat' dir='ltr'><strong>et</strong></span> <span class='ocrx_word' id='word_1_261' title='bbox 681 3107 789 3204; x_wconf 84' lang='lat' dir='ltr'><strong>anulo</strong></span> <span class='ocrx_word' id='word_1_262' title='bbox 828 3114 955 3174; x_wconf 84' lang='lat' dir='ltr'><strong>nostro</strong></span> <span class='ocrx_word' id='word_1_263' title='bbox 990 3107 1156 3196; x_wconf 77' lang='lat' dir='ltr'><strong>insigniri</strong></span> <span class='ocrx_word' id='word_1_264' title='bbox 1190 3107 1371 3179; x_wconf 82' lang='lat' dir='ltr'><strong>luaairnua</strong></span> 
     </span>
    </p>
   </div>
   <div class='ocr_carea' id='block_1_16' title="bbox 410 3244 1666 3514">
    <p class='ocr_par' dir='ltr' id='par_1_16' title="bbox 410 3244 1666 3491">
     <span class='ocr_line' id='line_1_30' title="bbox 410 3244 1666 3442; baseline 0.019 -112.131"><span class='ocrx_word' id='word_1_265' title='bbox 410 3259 592 3376; x_wconf 62' lang='lat' dir='ltr'><strong>Signum</strong></span> <span class='ocrx_word' id='word_1_266' title='bbox 625 3255 786 3344; x_wconf 71' lang='lat' dir='ltr'><strong>domini</strong></span> <span class='ocrx_word' id='word_1_267' title='bbox 813 3253 968 3354; x_wconf 79' lang='lat' dir='ltr'><strong>Karoli</strong></span> <span class='ocrx_word' id='word_1_268' title='bbox 992 3244 1378 3442; x_wconf 72' lang='lat' dir='ltr'><strong>(Monograriamo)</strong></span> <span class='ocrx_word' id='word_1_269' title='bbox 1405 3271 1550 3384; x_wconf 74' lang='lat' dir='ltr'><strong>magni</strong></span> <span class='ocrx_word' id='word_1_270' title='bbox 1576 3248 1666 3363; x_wconf 76' lang='lat' dir='ltr'><strong>im·-</strong></span> 
     </span>
     <span class='ocr_line' id='line_1_31' title="bbox 566 3375 1317 3514; baseline 0.022 -66"><span class='ocrx_word' id='word_1_271' title='bbox 566 3440 569 3448; x_wconf 88' lang='lat'><em>.</em></span> <span class='ocrx_word' id='word_1_272' title='bbox 713 3442 717 3448; x_wconf 87' lang='lat'>.</span> <span class='ocrx_word' id='word_1_273' title='bbox 820 3375 1067 3485; x_wconf 69' lang='lat' dir='ltr'><strong>peratoriis</strong></span> <span class='ocrx_word' id='word_1_274' title='bbox 1068 3379 1317 3514; x_wconf 78' lang='lat' dir='ltr'><strong>augusti.</strong></span> 
     </span>
    </p>
   </div>
   <div class='ocr_carea' id='block_1_17' title="bbox 357 3517 1719 3745">
    <p class='ocr_par' dir='ltr' id='par_1_17' title="bbox 357 3517 1719 3745">
     <span class='ocr_line' id='line_1_32' title="bbox 419 3517 1719 3714; baseline 0.01 -96.352"><span class='ocrx_word' id='word_1_275' title='bbox 419 3545 688 3618; x_wconf 85' lang='lat' dir='ltr'><strong>Amulbertua</strong></span> <span class='ocrx_word' id='word_1_276' title='bbox 729 3517 973 3623; x_wconf 81' lang='lat' dir='ltr'><strong>Cancellariue</strong></span> <span class='ocrx_word' id='word_1_277' title='bbox 1011 3550 1057 3664; x_wconf 86' lang='lat' dir='ltr'><strong>ad</strong></span> <span class='ocrx_word' id='word_1_278' title='bbox 1097 3546 1213 3620; x_wconf 89' lang='lat' dir='ltr'><strong>uicem</strong></span> <span class='ocrx_word' id='word_1_279' title='bbox 1247 3544 1424 3646; x_wconf 77' lang='lat' dir='ltr'><strong>luitperti</strong></span> <span class='ocrx_word' id='word_1_280' title='bbox 1444 3557 1719 3714; x_wconf 82' lang='lat' dir='ltr'><strong>archicapellani</strong></span> 
     </span>
     <span class='ocr_line' id='line_1_33' title="bbox 357 3641 689 3745; baseline 0.016 -30"><span class='ocrx_word' id='word_1_281' title='bbox 357 3641 557 3745; x_wconf 75' lang='lat' dir='ltr'><strong>recognoui</strong></span> <span class='ocrx_word' id='word_1_282' title='bbox 581 3657 624 3724; x_wconf 85' lang='lat' dir='ltr'><strong>et</strong></span> <span class='ocrx_word' id='word_1_283' title='bbox 643 3667 689 3720; x_wconf 83' lang='grc' dir='ltr'><strong>ιι.</strong></span> 
     </span>
    </p>
   </div>
   <div class='ocr_carea' id='block_1_18' title="bbox 337 3721 1720 3878">
    <p class='ocr_par' dir='ltr' id='par_1_18' title="bbox 337 3721 1720 3878">
     <span class='ocr_line' id='line_1_34' title="bbox 337 3721 1720 3878; baseline 0.013 -28"><span class='ocrx_word' id='word_1_284' title='bbox 337 3805 350 3821; x_wconf 90' lang='grc'><em>·</em></span> <span class='ocrx_word' id='word_1_285' title='bbox 440 3785 552 3854; x_wconf 84' lang='lat' dir='ltr'><strong>Data</strong></span> <span class='ocrx_word' id='word_1_286' title='bbox 587 3801 682 3856; x_wconf 71' lang='lat' dir='ltr'><strong>anuo</strong></span> <span class='ocrx_word' id='word_1_287' title='bbox 713 3783 760 3852; x_wconf 87' lang='lat' dir='ltr'><strong>ab</strong></span> <span class='ocrx_word' id='word_1_288' title='bbox 792 3782 1061 3856; x_wconf 76' lang='grc' dir='ltr'>ιιοιιιιιιιοιιιι</span> <span class='ocrx_word' id='word_1_289' title='bbox 1070 3721 1222 3858; x_wconf 78' lang='grc' dir='ltr'>ιιιιιιιιιι</span> <span class='ocrx_word' id='word_1_290' title='bbox 1235 3738 1414 3862; x_wconf 65' lang='lat' dir='ltr'><strong>dcclxxiii</strong></span> <span class='ocrx_word' id='word_1_291' title='bbox 1449 3727 1647 3878; x_wconf 62' lang='lat' dir='ltr'><strong>indictione</strong></span> <span class='ocrx_word' id='word_1_292' title='bbox 1673 3798 1720 3868; x_wconf 77' lang='lat' dir='ltr'><strong>ni.</strong></span> 
     </span>
    </p>
   </div>
   <div class='ocr_carea' id='block_1_19' title="bbox 360 3883 1721 4080">
    <p class='ocr_par' dir='ltr' id='par_1_19' title="bbox 360 3883 1721 4079">
     <span class='ocr_line' id='line_1_35' title="bbox 360 3883 1721 4014; baseline 0.01 -58"><span class='ocrx_word' id='word_1_293' title='bbox 360 3900 470 3956; x_wconf 67' lang='lat' dir='ltr'><strong>uno</strong></span> <span class='ocrx_word' id='word_1_294' title='bbox 479 3887 574 3956; x_wconf 70' lang='lat' dir='ltr'><strong>auaro</strong></span> <span class='ocrx_word' id='word_1_295' title='bbox 594 3885 706 3979; x_wconf 58' lang='lat' dir='ltr'><strong>rupi</strong></span> <span class='ocrx_word' id='word_1_296' title='bbox 715 3884 847 3974; x_wconf 73' lang='lat' dir='ltr'><strong>magni</strong></span> <span class='ocrx_word' id='word_1_297' title='bbox 872 3883 998 3957; x_wconf 80' lang='lat' dir='ltr'><strong>Raroli</strong></span> <span class='ocrx_word' id='word_1_298' title='bbox 1019 3883 1090 3957; x_wconf 86' lang='lat' dir='ltr'><strong>Vl.</strong></span> <span class='ocrx_word' id='word_1_299' title='bbox 1106 3886 1265 3980; x_wconf 77' lang='lat' dir='ltr'><strong>imperii·</strong></span> <span class='ocrx_word' id='word_1_300' title='bbox 1277 3888 1412 3980; x_wconf 73' lang='grc' dir='ltr'>μιιιιο</span> <span class='ocrx_word' id='word_1_301' title='bbox 1446 3895 1721 4014; x_wconf 21' lang='lat' dir='ltr'><strong>‘unumunurn</strong></span> 
     </span>
     <span class='ocr_line' id='line_1_36' title="bbox 360 3981 1670 4080; baseline 0.008 -27"><span class='ocrx_word' id='word_1_302' title='bbox 360 3981 1162 4080; x_wconf 68' lang='lat' dir='ltr'><strong>rnaauaaodepnanfaunnrmw</strong></span> <span class='ocrx_word' id='word_1_303' title='bbox 1182 3997 1250 4058; x_wconf 79' lang='grc' dir='ltr'><strong>ἳ·’</strong></span> <span class='ocrx_word' id='word_1_304' title='bbox 1342 4040 1451 4062; x_wconf 82' lang='grc'>..,,</span> <span class='ocrx_word' id='word_1_305' title='bbox 1576 4057 1581 4062; x_wconf 89' lang='grc'>.</span> <span class='ocrx_word' id='word_1_306' title='bbox 1667 4042 1670 4051; x_wconf 89' lang='lat'><em>.</em></span> 
     </span>
    </p>
   </div>
   <div class='ocr_carea' id='block_1_20' title="bbox 0 0 1870 4720">
    <p class='ocr_par' dir='ltr' id='par_1_20' title="bbox 0 0 1870 4720">
     <span class='ocr_line' id='line_1_37' title="bbox 0 0 1870 4720; baseline 0 0"><span class='ocrx_word' id='word_1_307' title='bbox 0 0 1870 4720; x_wconf 95' lang='lat' dir='ltr'><strong> </strong></span> 
     </span>
    </p>
   </div>
  </div>
 </body>
</html>
