3856 4724
728 307 1029 424 episc-'Petam
1083 439 1088 450 ἱ
1214 329 1217 338 ·
1487 325 1571 430 t‘lq
1609 285 1617 301 ⁸

53 604 56 615 .
196 543 325 616 domus
348 539 483 614 domini
505 540 706 634 diligentes,
717 539 790 612 -illa
809 541 967 632 benigno
987 537 1113 612 fauore
1137 537 1398 634 amplectimur,
1413 565 1483 639 psr
1502 545 1574 644 qus

131 685 137 708 ,
195 643 535 715 saluti'animarurn·
556 642 766 726 consulitur,
793 652 829 711 et
852 645 969 712 cultus
996 640 1108 712 diuini
1133 644 1289 713 numinis
1308 658 1572 738 augmentatur.
1623 640 1649 744 ἰ
1704 701 1711 714 „

193 745 363 818 maxime
377 742 462 812 dum
487 742 533 810 ad
557 741 769 812 intemerate
793 741 946 833 virginis
969 742 1155 836 genitricis
1180 743 1258 829 dei,
1282 745 1466 839 ipsiusque
1491 769 1571 839 pre·

195 843 292 914 clare
318 841 522 927 matriiere,
546 843 652 910 beate
678 847 799 928 Anne,
825 841 1063 913 reuerentiam
1090 842 1406 916 instaurantur.'st
1430 846 1479 930 is,
1508 851 1572 940 qui

193 943 239 1011 dc
264 945 408 1012 excelso
434 944 595 1010 celorum
621 938 812 1032 prodiens,
852 937 890 1010 in
915 951 1018 1010 vtero
1044 943 1202 1033 gloriosa
1236 938 1416 1035 puerpere
1449 948 1572 1017 huma·

192 1032 315 1112 uitatis
341 1049 464 1110 nostre
484 1041 600 1110 lactus
615 1051 668 1108 eat
693 1041 884 1131 particeps,
910 1043 1071 1132 placatus
1087 1043 1272 1112 ambarum
1297 1044 1569 1133 intercessione,

191 1135 321 1210 matris
339 1139 507 1210 videlicet
533 1150 569 1211 et
593 1141 678 1224 filie,
705 1139 901 1208 diuinitatis
927 1161 990 1209 sue
1015 1141 1141 1210 efficiat
1166 1165 1233 1212 nos
1258 1146 1571 1216 consortes-cum

130 1252 139 1261 '
191 1242 306 1332 igitur
339 1239 561 1308 honorabilis
603 1249 640 1308 et
676 1239 850 1337 discretus
888 1239 963 1325 vir,
996 1235 1235 1315 Ludorusbus
1268 1263 1388 1334 super
1424 1241 1568 1337 Iaspide,

191 1335 395 1412 Metlarius
421 1333 797 1425 possusumus
823 1338 1030 1411 deuocionis
1056 1340 1241 1428 inductus,
1277 1345 1451 1433 capellam
1484 1364 1571 1416 con·

189 1440 329 1530 tiguam
355 1439 507 1508 ecclesie
533 1448 656 1507 nostre
682 1437 922 1524 Patauisnsls,
953 1439 1049 1507 intra
1075 1441 1258 1530 Capellam
1285 1443 1445 1514 omnium
1470 1463 1571 1514 sanc·

95 1585 102 1604 t
189 1550 311 1610 torum
339 1548 375 1606 et
400 1537 575 1606 ambitum
600 1538 760 1608 Ecclesie
785 1547 927 1623 nostre,
963 1559 1046 1608 oum
1080 1539 1296 1630 quibusdem
1327 1542 1571 1614 anterioribus
1612 1575 1616 1582 ·

191 1637 362 1723 edificiis,
388 1660 408 1705 a
435 1639 571 1728 capella
596 1657 709 1728 vsque
734 1636 780 1706 ad
804 1637 1001 1706 Ecclesiam
1027 1640 1336 1728 prominentibus,
1369 1641 1569 1711 inhonore

191 1747 313 1807 sancte
340 1737 475 1824 Maria,
500 1747 536 1804 et
562 1741 829 1822 sancteAnne,
867 1745 1167 1830 sanctorumque,
1200 1740 1335 1823 Mathei
1373 1751 1411 1810 et
1434 1742 1570 1812 Mathis

189 1837 457 1928 apostolorum,
490 1835 534 1906 dc
560 1856 657 1905 nouo
682 1835 903 1922 fundauerit,
935 1859 977 1905 ac
1004 1859 1086 1921 cum
1118 1838 1570 1932 quatuordecim'talento·

154 1931 272 2006 'rum
296 1936 525 2004 denariorum
550 1935 834 2022 Pataviensium,
865 1935 1087 2021 redditibus,
1119 1938 1337 2008 sufficienter
1371 1939 1571 2027 dotauerit,

94 2103 100 2121 ,
190 2038 236 2106 de
273 2047 396 2105 nostro
431 2034 659 2125 beneplacito
692 2046 731 2104 et
763 2053 951 2104 consensu.
984 2046 1024 2105 vt
1056 2036 1094 2103 in
1132 2037 1212 2127 ipsa
1237 2041 1403 2128 Capella,
1433 2039 1574 2111 ibidem

153 2173 169 2198 .
189 2155 259 2228 per
283 2135 540 2226 cappellanum
574 2135 707 2224 ipsius,
738 2136 796 2203 vel
835 2134 866 2203 si
904 2135 1175 2228 ipsellegitime
1208 2137 1464 2228 impediretur,
1503 2161 1570 2229 per

91 2235 94 2242 ’
190 2236 301 2304 alium
336 2237 417 2304 loco
450 2235 526 2320 sui,
558 2234 668 2302 missa
698 2231 825 2300 diebus
857 2232 1008 2321 singulis
1043 2224 1265 2320 celebretur,
1301 2237 1338 2303 ln
1371 2235 1569 2306 festiuitate
1712 2313 1716 2321 ,

189 2355 300 2420 vero,
339 2333 623 2404 annunciationis
654 2331 760 2400 beate
793 2331 927 2415 Marte,
967 2331 1070 2399 beate
1103 2336 1222 2420 Anne,
1263 2354 1303 2402 ac
1335 2332 1569 2404 dedicationis

190 2435 357 2524 capelle,
381 2445 418 2501 et
443 2431 570 2502 diebus
594 2441 799 2500 sanctorum
824 2430 958 2499 Mathei
984 2441 1022 2499 et
1047 2432 1202 2520 Mathie,
1227 2429 1263 2502 in
1289 2430 1568 2526 sero'vsspere,

121 2571 124 2576 ·
191 2531 291 2603 etin
315 2547 440 2618 mane,
466 2532 537 2600 dus
563 2531 671 2602 misse
697 2528 916 2619 habeantur.¹
938 2531 1069 2622 quibus
1096 2532 1202 2602 etiam
1229 2532 1356 2602 diebus
1381 2529 1568 2627 Gappella·

189 2653 255 2702 nus
283 2633 345 2724 qui
370 2639 454 2699 tunc
481 2631 625 2722 Capella
650 2629 847 2720 prefuerit,
880 2632 1114 2722 presbyteros
1139 2643 1176 2700 et
1201 2633 1379 2718 scolares,
1418 2634 1464 2702 ad
1489 2656 1568 2706 ves·

187 2753 295 2826 peras
322 2739 358 2808 et
382 2731 508 2814 missas
533 2729 755 2818 necessarios
781 2731 1002 2819 procurabit.
1028 2730 1103 2800 Nos
1129 2729 1277 2800 eandem
1301 2727 1567 2820 fundacionem,

187 2831 435 2918 dotacionem',
464 2829 645 2920 misseque
669 2829 955 2908 institucionem,
980 2837 1020 2898 ut
1045 2828 1281 2920 premittitur,
1306 2839 1412 2918 grato
1437 2827 1568 2902 affectu

189 2932 357 3001 duximus
395 2928 660 2999 admittendam.
720 2927 971 3018 indulgentes,
1013 2927 1112 3021 quod
1149 2923 1245 2998 id'em
1275 2928 1565 3018 Ludouicus,..

188 3052 283 3100 vxor
317 3051 399 3116 sua,
434 3040 471 3097 et
504 3028 677 3112 heredes,
712 3026 969 3116 consanguinei
1006 3038 1044 3097 et
1077 3027 1198 3100 effinse
1232 3028 1364 3118 ipsius,
1396 3029 1434 3097 in
1471 3029 1567 3100 dicta

78 3159 87 3172 ’
140 3204 145 3214 ,
190 3129 381 3221 Cappella,
415 3138 451 3196 et
475 3125 542 3197 sub
568 3127 718 3198 edificiis
744 3128 1005 3215 anterioribus,
1038 3129 1181 3196 valeant
1206 3125 1362 3218 sepeliri.
1396 3136 1432 3198 et
1467 3129 1568 3227 quid·

48 3231 54 3234 ’
190 3229 277 3322 qnid
304 3228 341 3294 in
367 3228 543 3318 septimo,
568 3227 786 3309 Tricesimc,
812 3228 870 3300 sel
895 3226 1166 3314 anniuersariis,
1193 3227 1237 3314 in
1257 3227 1351 3297 dicta
1378 3229 1567 3320 cappella,
1637 3305 1660 3322 Ι,

189 3329 235 3398 de
268 3327 516 3396 oblacionibus
549 3348 614 3396 seu
645 3327 825 3419 exequiis,
855 3339 929 3396 ,aut
967 3349 1036 3416 per
1073 3325 1285 3418 superstites
1317 3337 1566 3412 mortuorum,

110 3463 116 3474 ·
188 3428 323 3498 mortis·
341 3429 398 3496 vel
424 3429 495 3496 vite
521 3435 688 3516 tempore
714 3427 923 3508 obuenerit,
961 3425 1030 3516 ipsi
1056 3427 1274 3518 Coppellano
1299 3427 1427 3498 cedere
1461 3427 1569 3498 debe·
1665 3497 1671 3508 ,

187 3527 262 3615 bit,
287 3549 353 3596 uec
380 3527 507 3598 Custos
533 3537 676 3615 noster,
711 3547 776 3596 seu
800 3526 980 3619 quispiam
1007 3525 1116 3612 alius,
1147 3526 1216 3597 sibi
1240 3528 1437 3621 quidquam
1473 3527 1565 3598 iuris

13 3667 17 3674 ·
54 3639 57 3644 ’
189 3627 355 3698 vendicet
384 3627 419 3693 in
446 3621 643 3718 premissis.
692 3627 773 3717 lpse
806 3625 912 3694 etiarn
938 3627 1191 3716 Cappellanus,
1231 3627 1293 3719 qui
1318 3649 1386 3718 per
1409 3626 1565 3697 eundern

185 3727 426 3798 nasonicum
451 3725 554 3798 nobis
580 3726 865 3816 presentabitur,
897 3725 1064 3818 quotiens
1090 3727 1280 3814 vaoauerit.
1313 3727 1566 3796 inuestitnram

187 3828 234 3896 de
266 3824 605 3898 munitiunculis
636 3825 825 3917 suscipiet,
866 3833 902 3896 et
931 3825 1201 3916 obedientiam,
1233 3827 1378 3896 Dorsuo
1402 3823 1564 3896 Ecclesia

182 3925 310 3997 'nostro
337 3927 456 3998 saciet.
506 3927 664 3996 chorum
689 3928 871 4012 nostrum,
904 3935 941 3994 et
973 3945 1096 3998 omnes
1130 3932 1240 3998 boras
1270 3925 1457 3996 canonicas
1472 3921 1564 3996 ‘fre-

187 4028 404 4121 quentando.
462 4025 663 4104 Decedents
699 4048 789 4099 vero
826 4023 970 4120 prefato
1003 4027 1205 4104 Ludowico
1238 4023 1333 4098 dicta
1370 4026 1562 4162 {appellas
