3848 4738
929 343 1185 456 ‘Anthentica

855 598 1273 708 CCCCXXXII.
1403 629 1411 670 ¹

372 831 662 940 Webcesleus
693 837 1029 931 Rornanorum
1027 875 1105 930 rex
1135 844 1313 930 lohanni
1359 835 1492 935 eleblo
1451 847 1753 962 spetevicnsi

373 970 572 1083 episcope¹
595 963 736 1052 omnia
759 963 934 1050 ecclesie
956 991 1057 1052 suae
1085 963 1210 1055 feuda
1239 983 1368 1076 etque
1388 961 1545 1078 regalia
1574 951 1758 1070 confers

722 1183 725 1190 '
797 1139 967 1266 Pyescee.
1007 1195 1098 1252 sset.
1150 1196 1204 1252 22.
1230 1190 1303 1268 Apr.

335 1451 337 1460 ι
378 1328 667 1456 Wnccslous
700 1383 756 1452 dei
790 1345 905 1473 gretie
938 1347 1183 1456 Romanorum
1216 1363 1296 1452 Rert
1327 1384 1477 1475 Semper
1502 1391 1684 1472 Augustus
1717 1391 1753 1448 et

349 1493 519 1572 'Boemie
536 1499 623 1568 Rex:
651 1501 785 1570 Netum
811 1501 959 1570 fecimus
985 1511 1111 1574 tenore
1137 1500 1358 1591 presentium
1375 1499 1562 1572 Vniuersis
1590 1500 1752 1578 (lacuna)

370 1603 523 1674 Remeni
551 1601 677 1689 Regni
691 1601 866 1670 celsitudo
893 1621 1114 1690 consurgens
1140 1600 1335 1692 antiquitus
1360 1611 1395 1667 et
1428 1599 1574 1667 fundate
1601 1596 1753 1664 mirifice

373 1701 560 1772 consuevit
582 1722 661 1768 sue
672 1701 872 1770 serenitatis
899 1700 1018 1770 radios
1046 1697 1125 1768 de
1115 1711 1237 1772 innata
1261 1700 1331 1768 sibi
1358 1687 1579 1767 clementia
1569 1722 1605 1764 ιιι
1633 1695 1753 1765 subdi·

370 1812 492 1872 torum
519 1800 705 1880 commode
741 1799 939 1867 liberaliter
972 1822 1123 1888 erogare
1157 1803 1241 1870 Illos
1273 1809 1392 1868 tamen
1426 1794 1636 1888 pocioribus
1672 1816 1752 1862 con·

370 1899 490 1970 euenit
514 1899 711 1966 honoribus
736 1900 909 1968 decorare
936 1895 997 1990 bui
1023 1900 1136 1988 gretie
1169 1901 1364 1991 multisque
1392 1901 1620 1984 diuersorum
1648 1895 1752 1965 rueri-

369 2011 493 2069 torum
519 1999 960 2071 inconuulsaconstancin
986 2011 1127 2068 ceteros
1154 2001 1380 2067 antecedunt.
1409 2001 1530 2070 „Nobis
1567 1998 1680 2086 igitur
1716 1995 1752 2060 in

251 2157 257 2167 .
371 2101 463 2170 solie
490 2099 615 2188 Regeli
642 2100 709 2166 sub
737 2111 912 2190 epperatu
938 2100 1065 2188 Regio.
1092 2110 1264 2168 consueta
1290 2122 1370 2168 cum
1398 2097 1664 2187 sollempnitate
1698 2115 1751 2162 se·

370 2201 538 2270 dentibus
575 2200 756 2267 slccedens
792 2199 836 2267 ad
880 2209 1002 2266 nostre
1041 2199 1238 2268 Maiestatis
1276 2200 1493 2290 presentium
1527 2193 1751 2264 Venerabilis

368 2297 570 2370 Jolmnnos
595 2297 842 2369 Patauiensis
868 2296 1087 2392 Episcopus
1111 2309 1245 2382 noster
1268 2293 1311 2367 et’
1326 2295 1489 2392 Impery
1513 2293 1624 2366 sacri
1640 2291 1752 2363 Ριίιι-

300 2483 305 2488 Ι
370 2420 474 2515 ceps.
502 2410 536 2466 et
563 2398 716 2467 deuotus
741 2399 893 2468 dilectus
920 2396 1020 2468 iuxte
1044 2421 1183 2468 morem
1207 2397 1359 2468 alierum
1393 2409 1600 2469 nostrorum
1628 2407 1664 2463 et
1698 2415 1751 2462 sa·

371 2500 422 2570 eri
449 2499 599 2571 Romani
627 2501 769 2612 Impery
787 2499 1003 2590 Principum
1038 2499 1142 2570 nobis
1175 2500 1359 2568 humiliter
1392 2497 1619 2590 suppliceuit.
1658 2497 1751 2590 Qua·

253 2597 260 2612 ⁸
369 2609 475 2667 tenus
502 2597 570 2666 sibi
604 2597 732 2669 omnio
764 2617 858 2676 suo
872 2608 912 2668 et
947 2595 1126 2670 Ecclesie
1158 2619 1228 2670 sue
1264 2595 1352 2696 Ileg
1351 2595 1432 2671 ιιίίιι
1468 2610 1508 2667 cl
1543 2592 1670 2688 feudo
1707 2594 1750 2660 de

370 2696 517 2788 speciali
544 2707 664 2767 nostre
692 2699 893 2768 serenitatis
919 2699 1036 2788 gretie
1062 2699 1228 2768 conferre
1251 2701 1443 2790 Ipsumque
1470 2700 1513 2775 de
1540 2694 1712 2764 eisdem
1701 2717 1752 2758 ιιι·

244 2875 249 2885 .
315 2865 330 2886 Γ
368 2800 504 2868 uestire
539 2796 732 2888 gratiosius
766 2799 1009 2905 dignaremur.
1046 2799 1133 2876 Nos
1154 2799 1216 2890 qui
1256 2809 1341 2868 vote
1375 2795 1620 2890 quorumlibet
1660 2796 1751 2860 iusta

369 2901 575 2990 petencium
603 2901 761 3015 gretipae
782 2893 1072 2989 complectimur,
1098 2898 1376 2988 dictiEpiscopi.
1405 2895 1468 2996 qui
1494 2897 1596 2966 ferne
1616 2894 1752 2968 celebri

369 2999 559 3068 nobilitate
585 2998 769 3091 sanguinis
795 3000 995 3066 litterarum
1021 2998 1176 3068 sciencie
1203 3000 1389 3073 honestete
1418 2989 1496 3066 Vite
1521 3017 1665 3066 morum
1691 2995 1749 3062 de·

370 3119 455 3168 core
482 3055 705 3186 ceterisqiie
710 3099 918 3166 virtutum
908 3098 1070 3188 insignys
1097 3110 1133 3167 et
1167 3099 1358 3190 probitatis
1384 3096 1522 3166 meritis
1556 3099 1593 3164 in
1629 3103 1749 3162 nostre

370 3208 567 3284 conspectu
594 3195 814 3266 celsitudinis
842 3193 1133 3288 commendetur,
1161 3199 1384 3289 prestancius
1410 3197 1551 3266 deuotis
1577 3195 1749 3286 supplice·

371 3295 534 3386 cionibus
561 3295 811 3366 fauorabiliter
835 3295 996 3365 inclinati
1022 3299 1097 3366 Sibi
1137 3310 1319 3390 tamquam
1345 3289 1570 3366 benemerito
1603 3295 1748 3385 premis·

370 3415 494 3464 sorum
520 3391 651 3464 intuitu
679 3399 797 3474 omnia
824 3393 996 3492 Regolr'o
1022 3407 1058 3466 et
1078 3392 1204 3490 feudo
1229 3401 1378 3470 Necnon
1404 3392 1631 3500 temporales
1657 3396 1746 3463 dicte

370 3516 433 3564 sue
470 3496 691 3564 Pateuiensis
724 3499 902 3586 Bedesis,
940 3521 1047 3588 quam
1083 3500 1238 3589 speciale
1271 3510 1308 3566 et
1340 3497 1462 3568 nobile
1498 3491 1576 3566 fere
1610 3503 1747 3564 constat

370 3596 462 3664 sacri
487 3597 642 3664 Romani
667 3599 810 3690 Impery
837 3600 1040 3667 membrum
1075 3602 1149 3668 sive
1177 3595 1450 3688 Prrisclpotum
1477 3620 1557 3665 cum
1582 3591 1747 3664 omnibus

369 3693 518 3765 Juribus
544 3695 709 3788 dominys
734 3698 965 3768 libertatibus
991 3699 1111 3768 Terris
1145 3708 1191 3772 et,
1213 3697 1551 3789 possessionibus
1540 3721 1577 3764 ιιι
1604 3695 1747 3788 quibus·

369 3819 523 3888 cumque
551 3797 658 3864 rebus
686 3797 759 3864 sive
785 3799 874 3866 lucis
902 3799 1099 3868 consistant
1124 3799 1215 3865 sicut
1240 3799 1364 3867 eadem
1392 3799 1446 3867 sui
1478 3795 1746 3887 predecessores

370 3897 550 3986 quendem
584 3897 811 3964 Petauienses
843 3899 1012 3988 Episcopi
1048 3901 1220 3966 hactenus
1254 3897 1489 3989 possederunt
1523 3896 1568 3964 de
1601 3894 1745 3986 speciali

307 4048 312 4056 .
369 4005 494 4064 nestra
520 3997 635 4085 gretie
661 4006 695 4064 et
720 3999 881 4066 Romane
908 3999 1094 4089 potestatis
1120 3997 1235 4087 Regie
1260 3997 1501 4089 plenitudine,
1529 3995 1678 4064 Necnon
1703 4015 1745 4060 ex

369 4107 468 4178 certe
494 4107 618 4168 nostre
633 4096 782 4170 scientia
794 4119 861 4191 per
874 4093 1083 4195 Sceptrum
1109 4107 1287 4171 nostrum
1299 4092 1452 4194 Regale
1471 4095 1688 4167 contulimus
1706 4113 1744 4162 ac

668 4345 684 4392 t
