3864 4728
399 299 513 420 4003
734 297 980 415 Diplotuata
1007 293 1115 384 salsa
1144 311 1186 382 et
1214 291 1429 414 rescripta.
1520 277 1536 427 '-

287 522 292 528 ¹
398 533 689 614 ministrationis,
716 533 776 602 uel
802 531 1020 604 conditionis
1045 533 1193 620 existat,
1220 532 1328 602 liceat
1352 532 1470 626 ipsum
1495 532 1766 622 monesterium,

398 656 590 730 personas,
615 633 733 720 bona,
760 635 821 701 nel
846 633 1093 731 possessiones
1121 634 1218 717 eius,
1253 655 1300 702 ex
1323 655 1549 727 quacumque
1574 653 1684 704 causa
1708 636 1768 702 uel

398 731 608 819 occasione,
643 731 811 801 ammodo
843 732 1065 821 inquietare,
1098 731 1293 818 inuadere,
1328 735 1388 800 uel
1422 733 1579 802 turbare.
1638 734 1767 803 Curtes

398 856 564 928 quoque5
590 832 779 923 grangias,
807 851 848 898 ac
873 831 1092 922 patrimonia
1119 831 1196 899 eius
1222 831 1316 900 sicut
1340 832 1385 902 ob
1411 833 1578 924 antiquo,
1604 831 1651 900 ab
1668 831 1767 902 omui

399 957 511 1006 censu
534 931 722 1021 vectigali,
758 928 962 1020 herburga,
995 951 1038 998 ac
1072 929 1143 1000 alio
1179 951 1407 1023 quocumque
1441 931 1625 1000 seruitutis
1659 951 1770 1000 onere

399 1036 517 1104 libera
543 1031 654 1100 luisse
679 1040 716 1098 et
741 1049 820 1098 esse
845 1031 1017 1098 hactenus
1044 1028 1302 1117 dinoscuntur,
1334 1031 1380 1100 ab
1407 1027 1504 1120 omnj
1540 1030 1769 1099 exactionum

399 1131 668 1224 precariarum,
691 1127 918 1219 vectigalium
952 1129 1219 1220 herburgsrum
1255 1150 1318 1198 seu
1352 1130 1506 1199 aliorum
1538 1129 1773 1200 seruitiorum
1905 1211 1906 1216 Ἰ

400 1234 480 1302 iure
507 1241 543 1302 et
569 1233 727 1313 honore,
752 1225 858 1296 nobis
884 1235 921 1296 et
944 1229 1122 1318 Imperio,
1149 1227 1193 1297 de
1220 1227 1499 1317 consuetudine,
1524 1228 1622 1316 iure,
1649 1229 1708 1296 uel
1726 1225 1771 1296 de

397 1327 498 1400 lucto
533 1327 664 1398 debitis
697 1325 918 1396 absoluimus
958 1350 1006 1397 ex
1036 1349 1133 1396 nunc
1164 1327 1419 1418 inperpetuum
1454 1329 1491 1396 in
1523 1325 1594 1419 hijs
1626 1325 1772 1417 s‘criptis
1904 1343 1906 1386 ³

401 1427 594 1522 ipsumque
628 1425 905 1510 monasterium,
941 1447 1132 1517 personas,
1168 1447 1227 1502 res
1259 1435 1295 1495 et
1320 1429 1569 1517 possessiones
1598 1426 1676 1496 eius
1701 1447 1775 1496 om·
1827 1481 1833 1490 .
1904 1421 1906 1516 4

400 1550 466 1599 nes
507 1527 647 1596 habitas
680 1536 717 1594 et
752 1524 936 1592 habendas
969 1536 1145 1616 perpetua
1177 1525 1344 1596 libertato
1378 1527 1554 1596 donamus
1587 1548 1629 1594 ac
1662 1547 1706 1594 ea
1739 1525 1776 1592 iu
1905 1531 1906 1548 ¹

347 1643 349 1648 ’
402 1637 588 1710 eternum,
632 1623 830 1713 priuilegio
863 1623 1061 1712 imperialis
1102 1623 1328 1694 decernimus
1369 1621 1575 1694 emunitatis
1614 1621 1776 1714 gaudere
1905 1695 1906 1698 ,

403 1725 590 1817 sepedicto
629 1721 849 1790 monasterio
887 1731 923 1790 et
956 1720 1130 1790 frutribus
1171 1720 1306 1792 ibidem
1340 1722 1409 1791 deo
1449 1718 1708 1793 famulantibus
1741 1719 1775 1792 st

401 1824 492 1895 nulli
518 1820 578 1912 alij
605 1819 789 1892 seruitura
813 1841 957 1888 omnem
991 1819 1140 1888 omnino
1172 1842 1369 1912 prauorum
1400 1822 1606 1910 hominum,
1642 1821 1690 1890 ab
1723 1822 1775 1894 eis
1904 1829 1906 1886 1

401 1922 614 1995 uiolentiam
647 1921 904 2014 propellentes.
965 1918 1020 1987 Aa
1060 1919 1160 1988 cuius
1200 1919 1254 1987 rei
1295 1941 1360 1990 seu
1395 1919 1481 1988 faeti
1519 1922 1787 2012 inperpetuum,
1904 1923 1906 1972 l

404 2021 625 2096 euidentiam
649 2021 741 2089 hunc
768 2017 937 2112 paginam
962 2017 1092 2087 exinde
1119 2019 1360 2110 conscriptam
1392 2019 1521 2109 Sigillo
1555 2029 1683 2090 nostm
1710 2021 1779 2090 ius·
1904 2055 1906 2070 ι

403 2120 515 2196 simus
541 2115 769 2190 communiri.
820 2121 944 2197 Testes
974 2117 1081 2186 huius
1115 2116 1202 2186 iacti
1233 2129 1269 2187 et
1303 2119 1573 2190 consencientes
1609 2125 1696 2188 suut
1729 2119 1777 2188 si·

291 2257 297 2268 ·
403 2217 568 2321 gelridus
599 2217 803 2310 mogontie,
846 2203 1080 2307 Engilbertus
1114 2217 1278 2305 colonie,
1317 2217 1509 2287 Heinricus
1541 2219 1774 2308 treuerensis,

404 2317 697 2411 Archiepiscopi,
732 2313 945 2387 cuonradus
980 2315 1153 2406 spirensis
1186 2315 1397 2407 episcopus,
1432 2315 1674 2390 luodewicus
1711 2317 1779 2388 dux

403 2418 610 2504 bauwarie,
635 2417 830 2486 Heinricus
855 2435 975 2486 comes
1001 2415 1181 2506 palatinus
1207 2416 1303 2504 reni,
1328 2415 1558 2488 Bernhardus
1584 2416 1658 2484 dux
1678 2437 1778 2493 saxo

334 2537 342 2546 ’
404 2515 489 2604 nie,
527 2515 750 2608 Dieppoldus
787 2513 1010 2605 lantgrauius
1048 2512 1093 2581 de
1127 2514 1379 2606 Lucltinherg,
1424 2518 1526 2586 cuno
1565 2516 1703 2587 nobilis
1735 2515 1778 2585 da
1903 2559 1905 2566 ·

404 2618 661 2706 miuzenberg,
688 2614 880 2684 Heinricus
905 2611 1135 2704 mariscalcus
1162 2613 1206 2682 ds
1231 2615 1435 2701 kallinden,
1460 2610 1651 2685 Heinricus
1678 2614 1775 2708 dapi-

407 2717 465 2789 fer
490 2717 533 2787 ds
558 2717 745 2808 walpurg,
770 2711 1007 2802 Ruodolphus
1031 2712 1260 2783 mariscalcus
1286 2713 1331 2786 de
1355 2711 1556 2806 Justingin,
1581 2715 1778 2786 Theoderi-

409 2839 473 2889 cus
507 2837 627 2886 comes
662 2812 707 2883 de
740 2835 868 2904 scyno,
900 2810 1133 2882 Eberhardus
1167 2811 1299 2882 nobilis
1331 2811 1377 2904 de
1405 2814 1606 2905 buedingin
1645 2823 1685 2883 et
1720 2811 1778 2884 alii

407 2917 676 3011 quamplures.
710 2909 895 3002 fidedigni.
946 2914 1077 2980 Datum
1103 2913 1293 3003 mogontie
1317 2933 1412 2988 anno
1448 2912 1628 2982 dominice
1660 2907 1777 3000 laear-

409 3014 587 3162 natioonis,
623 3011 817 3082 Millesimo
843 3029 895 3080 oc.
921 3020 1052 3104 quarto
1083 3007 1171 3102 xij⁰.'
1194 3011 1313 3082 ltalen.
1351 3009 1547 3105 februarij,
1578 3011 1778 3084 indictione
1902 3033 1905 3060 ¹

407 3135 501 3207 ssu.
1572 3149 1578 3158 .

442 3323 449 3334 ⁸
478 3350 512 3429 o)
538 3339 689 3432 Sigillum
715 3339 860 3427 Philippi
882 3339 984 3432 regis,
1009 3343 1093 3430 quod
1118 3345 1268 3410 nuncin
1293 3345 1402 3432 plures
1427 3357 1532 3431 partes
1557 3344 1705 3412 domum.
1723 3357 1778 3422 est,

536 3439 742 3527 appendisse,
768 3453 833 3508 tam
857 3439 915 3509 iila
938 3443 1023 3508 illud
1053 3445 1274 3530 permeantis,
1312 3467 1408 3534 quam
1439 3445 1623 3538 fragmenta
1655 3444 1781 3542 minuta

445 3589 451 3594 -
533 3541 660 3607 residua
684 3550 851 3608 testantur.

481 3709 513 3796 l)
539 3708 907 3790 anachronismum,
940 3712 977 3777 in
1001 3709 1062 3780 hoc
1096 3716 1313 3782 instrumento
1346 3677 1568 3796 occurrentes,
1597 3717 1779 3805 prohibens,

534 3809 708 3894 quominus
734 3809 873 3876 chartam
898 3813 1001 3894 ipsani
1025 3815 1250 3900 untiquissimo
1276 3832 1420 3902 tempora
1446 3831 1605 3882 exarstsm
1628 3838 1697 3883 esse
1717 3837 1782 3882 cra·
1903 3803 1904 3810 ἵ

534 3909 657 3981 damus.
708 3907 792 3974 Nam
821 3917 864 3994 t.)
891 3909 1064 4000 Sigilridus
1089 3915 1306 4003 Moguntiuus
1337 3917 1593 4000 archiepiscopus
1625 3915 1778 3982 corfinus
1901 3947 1904 4014 p

531 4007 620 4077 stetit
646 4028 665 4072 s
689 4007 832 4093 pertibus
859 4009 986 4115 Ottouis
1012 3999 1066 4077 lV.
1096 4013 1193 4106 regis.
1251 4025 1302 4102 2.)
1333 4015 1542 4108 Engilhertus
1576 4015 1777 4084 coloniensis
1903 4035 1904 4044 ¹

1734 4135 1779 4180 w
