3746 4720
332 387 335 394 ,
382 311 468 396 ste
564 301 869 418 Diplomata
896 301 1211 418 Imperatorum
1239 299 1541 460 Authentice.

383 560 528 622 menne,
552 537 716 608 fideliteti
739 545 860 606 uentre
885 536 1094 608 mendemue
1120 537 1276 606 fideliter
1301 549 1338 608 et
1373 533 1546 608 districte.
1581 539 1732 631 quatinus
1847 500 1849 692 Ξ

304 637 306 642 ’
385 643 477 709 sicut
508 648 671 707 nostrum
704 638 867 706 feruorem
903 635 1055 728 diligitis
1075 649 1323 731 nostrumque
1357 637 1528 718 affectetis
1562 639 1735 710 comodum

385 752 420 810 et
445 749 686 827 augmentum.
728 731 974 855 Quingentne.
1014 740 1156 808 Merces
1183 739 1452 808 colonienses
1441 763 1479 806 ιιι
1513 740 1673 831 proximo
1694 739 1735 808 fs·
1848 761 1850 832 ss

372 852 441 909 ‘sto
468 839 564 906 besti
591 838 739 908 Martini
764 838 938 929 hyemeiis
965 837 1010 906 de
1035 839 1169 908 nostris
1197 840 1396 909 redditibus
1421 861 1513 933 quos
1537 839 1638 910 nobis
1669 861 1737 908 con·
1848 843 1849 856 ¹

237 935 242 942 ’
380 940 536 1010 fidenter
561 939 825 1026 commisimus,
852 938 923 1008 sibi
947 941 1009 1008 uel
1034 961 1099 1007 suo
1134 949 1235 1008 certo
1273 938 1405 1009 nuncio
1440 941 1517 1008 sine
1551 961 1648 1009 more
1679 935 1737 1008 dis·

384 1040 518 1132 pendio
544 1049 581 1107 et
606 1038 815 1108 difficultate
848 1039 1009 1133 quelibet
1042 1040 1268 1131 persoluetis.
1321 1040 1396 1108 Noe
1431 1039 1528 1108 enim
1565 1040 1738 1120 inneetre

386 1141 654 1231 computatione
680 1138 845 1208 feriende
868 1139 1058 1210 nobiscnm
1084 1140 1129 1208 de
1155 1139 1321 1230 predicte
1340 1139 1652 1230 summe'pecnnie
1671 1162 1740 1231 per·

383 1242 503 1310 solute
528 1238 656 1308 cidens.
691 1259 756 1308 vos
782 1238 1002 1310 dimittemus
1030 1241 1172 1331 penitus
1200 1241 1393 1322 nbsolutos.
1425 1239 1519 1310 vnde
1546 1241 1657 1309 solute
1679 1238 1738 1308 sibi
1783 1235 1785 1241 ’

326 1431 336 1444 ,
386 1334 555 1432 predicte
589 1339 752 1431 pecunie
787 1341 983 1450 reseruetis
1017 1341 1124 1410 uobis
1159 1342 1222 1411 hes
1258 1339 1396 1411 littores
1434 1339 1473 1407 in
1514 1339 1740 1411 testimoninm

382 1439 559 1510 ueritatis.

500 1567 632 1634 Detum
668 1565 890 1662 Onereborg.
932 1563 999 1634 xii
1041 1563 1099 1634 die
1140 1565 1372 1736 Septembris.
1414 1503 1612 1639 indictione
1651 1563 1743 1648 xlm,
1849 1547 1851 1672 Ξ

389 1666 505 1766 Regni
531 1660 648 1734 nostri
673 1687 767 1736 enno
793 1665 869 1734 XV

455 1927 487 2003 ιι)
515 1919 644 2010 sigilli,
670 1941 761 1984 ceree
786 1920 901 1986 mhree
926 1919 1096 2004 impressi·
1122 1921 1178 1984 sed
1202 1919 1313 1998 irenei,
1340 1941 1412 2006 pers
1437 1924 1585 2007 superior
1608 1901 1766 2007 nppende¹

513 2021 566 2084 bet
600 2041 641 2084 ex
673 2035 840 2109 segmento
877 2021 1121 2086 mernhreneceo
1154 2021 1194 2084 eh
1231 2019 1344 2084 infime
1376 2021 1587 2090 instrumenti
1617 2019 1744 2140 merpins

445 2163 449 2170 -
515 2133 655 2199 resecto,
681 2142 763 2206 ques
789 2133 884 2207 ceput
910 2143 984 2186 cnm
1010 2135 1155 2205 pectore
1161 2121 1248 2211 regis
1274 2121 1400 2204 optime
1419 2127 1592 2208 expressit,
1616 2120 1744 2203 inmipn

515 2243 587 2305 pers
613 2242 688 2288 essu
713 2220 824 2286 evnlee
850 2222 1018 2308 seperatim
1046 2223 1172 2286 ehertse
1196 2222 1329 2286 ediscet.

460 2403 490 2487 h)
518 2407 631 2468 Annus
658 2403 732 2469 Chr.
759 2403 899 2472 οιιιίιιιιι
925 2427 967 2471 ex
989 2403 1168 2468 indictione
1194 2416 1226 2470 et
1250 2425 1337 2468 enno
1361 2405 1455 2494 regni
1482 2403 1579 2470 ieeile
1610 2399 1748 2495 cognosci·
1851 2425 1853 2432 ⁴

518 2515 582 2570 tnr.
624 2505 810 2568 Notandum
845 2507 953 2584 enim,
988 2481 1141 2569 Richardi
1166 2494 1348 2588 diplomete
1372 2506 1564 2594 germanice
1596 2523 1691 2589 usqne
1716 2496 1748 2563 ti
1852 2559 1853 2570 ι

519 2602 664 2672 medium
691 2625 793 2672 mens.
828 2605 998 2670 Decemhr.
1025 2606 1105 2668 enni
1133 2615 1215 2671 1271
1244 2606 1425 2695 exporrigi,
1451 2602 1596 2672 unde
1565 2627 1635 2674 erus
1659 2599 1746 2668 obitus
1851 2683 1853 2690 Ξ

438 2761 441 2774 ,
516 2724 557 2769 ex
591 2701 654 2768 iide
693 2705 840 2770 Metheei
876 2703 1234 2770 westmonasteriensis
1270 2705 1310 2769 ed
1345 2715 1375 2774 2.
1415 2707 1513 2792 April.
1550 2707 1655 2793 potins
1683 2695 1750 2768 enni
1851 2727 1853 2738 ’

520 2814 624 2880 ιιιι,
651 2824 747 2888 quern
777 2817 856 2874 1211
886 2805 1036 2889 pertinet.

466 2927 494 3064 ei
518 2983 701 3054 meditem·-
