3804 4718
664 341 930 432 Anthenrice.
1061 416 1081 430 ..

680 685 921 798 DCCIV.

380 929 475 990 Anno
506 933 603 998 123¹·
656 941 768 986 mense
794 913 979 985 Decembri.
1031 919 1216 986 Ravennae.

103 1118 355 1208 Friderious
385 1119 439 1208 Π.
468 1117 702 1235 imperator
727 1115 1035 1209 monesterium
1051 1114 1241 1224 Ahusen,
1273 1143 1371 1206 oum
1391 1149 1487 1212 otn-

133 1241 267 1328 nibus
294 1239 633 1358 possessionibus
666 1239 796 1344 eius,
793 1237 881 1322 sub
912 1235 1085 1350 speciali
1114 1263 1192 1334 sue
1222 1256 1265 1324 et
1287 1239 1457 1357 imperii

574 1357 727 1472 recipit
752 1356 1028 1472 protectione.

103 1525 376 1670 Frtiderieus)
403 1587 460 1656 dei
486 1587 602 1679 gretie
627 1587 873 1655 Romanorum
899 1587 1101 1676 Imperator
1134 1603 1279 1675 semper
1314 1601 1492 1681 angustus

105 1705 311 1774 Jerusalem
338 1713 373 1771 st
400 1703 521 1772 Sicilie
546 1705 635 1771 Rex.
686 1703 756 1771 Per
781 1723 930 1792 presens
957 1700 1139 1792 Scriptum
1166 1699 1302 1771 Notum
1336 1693 1520 1778 fecimus'

105 1805 290 1875 rniuersis
317 1805 462 1895 Imperii
488 1805 655 1874 fidelibus
673 1814 746 1870 tem
767 1804 996 1893 presentibus
1014 1823 1121 1894 quem
1141 1801 1284 1872 futuris.
1305 1807 1406 1896 quod
1421 1829 1491 1879 nos

104 1905 347 1975 adtendentes
373 1905 478 1972 fidem
507 1927 633 1996 puram
661 1915 696 1974 et
722 1905 959 1972 deuocionem
986 1905 1162 1972 sincerem
1302 1909 1489 1978 venerabi·

103 2009 147 2076 tis
172 2007 318 2076 obbatis
343 2005 504 2074 Ecclesie
531 2007 565 2072 in
594 2008 740 2074 Abusen
766 2006 884 2074 fidelis
911 2005 1026 2072 nostri
1042 2003 1085 2071 de
1102 2004 1345 2073 munificentie
1361 2019 1489 2084 nostre

105 2109 251 2200 gretie
253 2121 444 2196 'personam
470 2108 547 2174 eius
574 2129 655 2174 oum
683 2107 850 2175 omnibus
885 2106 990 2173 bonis
1025 2105 1099 2173 suis
1134 2111 1206 2171 tam
1239 2106 1506 2180 eeclesiasticis·

105 2232 231 2324 quem·
247 2206 435 2275 mundonis
462 2208 529 2275 sub
554 2209 781 2298 protectione
803 2219 844 2276 et
870 2203 1081 2275 defensione
1115 2213 1240 2272 nostro
1275 2215 1313 2274 et
1340 2210 1487 2299 Imperii

105 2309 313 2399 recepimus
341 2303 499 2398 speciali
551 2309 763 2376 Msndentos
798 2319 833 2376 et
860 2309 1014 2376 firmiter
1046 2287 1273 2392 inhibentes,
1309 2318 1487 2400 quotenus

106 2412 231 2479 nullus
256 2405 303 2476 eit
328 2411 389 2500 qui
416 2407 569 2476 eundem
595 2409 809 2477 Abbetem
798 2431 836 2475 ιιι
860 2430 1018 2526 persone
1040 2417 1075 2474 et
1092 2407 1201 2474 rebus
1218 2406 1292 2476 suis
1308 2407 1490 2502 impedire

107 2533 172 2580 seu
200 2511 396 2578 molestare
423 2512 616 2598 presumat.
669 2511 773 2605 Quod
808 2511 870 2602 qni
907 2508 1168 2599 presumpserit
1194 2506 1491 2598 indignacionem

108 2621 275 2679 nostram
300 2631 338 2678 se
363 2610 499 2678 seneint
525 2612 766 2680 incursurum.
815 2611 999 2678 Ad'buius
1021 2609 1141 2700 itaque
1159 2609 1394 2697 protectionis
1410 2613 1487 2682 eius

108 2709 330 2779 memoriani
353 2719 388 2777 et
414 2711 580 2778 stabilem
606 2711 811 2776 firmitatem
840 2732 989 2801 presens
1013 2709 1195 2799 Scriptum
1220 2705 1300 2780 fieri
1318 2709 1488 2784 iussimus

108 2809 312 2882 Meiestetis
337 2822 459 2881 nostre
486 2810 615 2904 Sigitlo
641 2811 829 2880 munitum.

211 2997 344 3065 Datum
370 2997 542 3065 Rauenne
569 3018 664 3064 enno
698 2994 878 3064 dominice
905 2987 1170 3060 internecionis
1194 2949 1390 3062 Miliesimo
1425 2939 1490 3066 du·

8 3187 16 3200 s
113 3099 313 3168 centesimo
339 3097 538 3168 'tricesimo
571 3097 691 3190 primo
724 3099 860 3178 Mense!
884 3094 1077 3164 Decembri
1103 3092 1235 3186 Quinte
1260 3093 1487 3169 Indiecionis.

175 3335 207 3408 a)
236 3325 406 3441 Sigillum,
433 3328 469 3390 in
494 3337 635 3410 utreque
655 3347 726 3402 ora,
755 3329 863 3389 dextre
886 3338 917 3389 et
932 3277 1080 3396 srnrstre
1106 3321 1248 3398 laesum,
1273 3323 1433 3405 appendet
1446 3346 1486 3387 ex

236 3425 301 3491 filis
324 3427 432 3492 sericis
457 3427 548 3490 rubri
574 3447 611 3488 eo
638 3429 746 3491 viridis
773 3427 898 3491 coloris

178 3609 213 3694 d)
239 3611 401 3688 Indicum,
420 3609 503 3675 diets
530 3631 690 3687 caesares,
719 3611 890 3693 respondet
913 3627 1001 3670 enno
1029 3607 1087 3671 ch.
1115 3625 1273 3690 expresse.
1400 3634 1406 3660 ι
1444 3647 1450 3658 ·

179 3801 208 3879 e)
234 3793 367 3858 Editom
399 3794 434 3860 in
459 3795 579 3861 setun
612 3815 696 3878 corp.
731 3793 842 3860 histor.
868 3794 1112 3881 Brendenburg.
1146 3790 1271 3894 sylloge
1304 3802 1366 3886 ιι.
1396 3809 1487 3856 num.

240 3905 290 3962 dd.
