3804 4718
344 903 366 944 Ι

750 337 753 344 “
779 308 1032 428 Diplomata·
1053 305 1367 424 Imperatorum

930 521 1226 676 ooxtvr.

434 805 527 864 Anno
558 809 661 884 1219,
686 795 800 877 nobis,
825 795 966 884 antiquis
995 807 1100 876 1220,
1127 807 1182 881 29.
1210 795 1380 865 Decembr.
1401 793 1494 880 apud
1518 798 1703 888 Augustam.
1742 769 1747 780 ¹

385 977 629 1070 Fridericus
667 977 720 1066 II.
759 1005 839 1065 rex
879 976 1080 1064 eeclesiae
1112 975 1253 1062 Sancti
1284 973 1485 1063 iohannis
1526 977 1757 1084 (monaste-

387 1098 469 1205 rio)
501 1093 755 1210 staingaden
795 1093 1019 1210 praedium
1048 1091 1298 1180 Chinderiet
1339 1093 1508 1180 confert
1546 1113 1588 1178 et
1613 1091 1756 1204 donat,
1899 1141 1901 1200 1

472 1213 593 1328 quod
619 1211 700 1300 sibi
729 1203 952 1300 Heinricus
973 1210 1034 1418 pe
1061 1201 1330 1345 Elpenhoueu
1361 1210 1591 1300 transmisit
1620 1227 1664 1296 et
1692 1266 1717 1285 ·.

1004 1347 1158 1415 ouavrt·
1617 1372 1621 1384 ·
1680 1343 1684 1352 '

385 1470 446 1602 F.
472 1527 531 1600 dei
554 1530 676 1619 gratia
698 1529 944 1603 Romanorum
969 1533 1049 1604 Rex
1072 1493 1217 1623 semper
1242 1533 1424 1624 Augustus
1457 1539 1495 1602 11
1518 1530 1598 1602 Rex
1622 1527 1756 1600 Sicilie.

315 1635 320 1644 ’
386 1645 478 1714 Cum
504 1666 550 1714 ex
574 1644 695 1714 debito
721 1643 836 1737 Regio
860 1648 1057 1718 Maiestatis
1083 1647 1204 1716 omnia
1229 1645 1371 1739 quoad
1396 1647 1575 1713 honorem
1600 1653 1758 1714 1111111·

386 1742 536 1814 modum
559 1745 790 1814 ecclesiarum
816 1745 874 1814 dei
900 1746 1031 1816 scimus
1058 1769 1136 1816 essa
1162 1747 1352 1838 profutura
1384 1765 1602 1834 promovere
1636 1753 1756 1816 tenca·

386 1865 481 1916 111111.
508 1867 551 1914 ea
574 1844 719 1914 sincero
742 1845 871 1913 affectu
893 1867 962 1936 per
987 1847 1107 1918 omnia
1130 1845 1305 1938 proloqui
1330 1843 1758 1934 cupientesmbionmque

387 1941 434 2012 11
469 1954 630 2013 nostram
661 1944 874 2014 deusncrint
906 1945 1125 2036 presentiam
1158 1945 1205 2016 ad
1236 1944 1403 2014 effectum
1428 1943 1630 2036 perducere
1653 1945 1759 2011 uolo·

387 2065 478 2112 mus.
503 2043 607 2114 etde
630 2042 755 2113 futuro
788 2046 963 2116 cautelam
995 2045 1169 2114 adhibere
1201 2052 1324 2114 nostre
1357 2043 1626 2134 protectionis·
1663 2042 1759 2108 Hinc

388 2142 566 2236 estquod
591 2144 758 2213 omnibns
783 2165 932 2234 present
958 2145 1131 2235 scriptum
1157 2143 1435 2235 respicientibus
1461 2151 1587 2215 uotum
1604 2159 1683 2210 1111
1700 2161 1759 2208 cu·

387 2242 507 2332 pimus
530 2242 631 2335 quod
646 2240 836 2312 Heinricus
861 2244 1142 2314 deEbenhouen
1168 2243 1333 2334 predium
1358 2263 1463 2310 suum
1488 2241 1529 2331 jn
1554 2239 1760 2310 chinderiet

388 2362 470 2410 oum
497 2342 665 2411 omnibus
690 2343 916 2433 pertinentijs
942 2345 1016 2413 suis
1042 2366 1109 2435 per
1134 2363 1279 2412 manum
1304 2339 1421 2436 fidelis
1446 2342 1562 2411 nostri
1586 2339 1641 2424 Ι11
1666 2341 1758 2410 Tan·

387 2441 550 2509 nenberc
575 2440 762 2530 Bcrhtoldj
789 2443 987 2512 transmisit
1012 2445 1058 2512 ad
1082 2464 1149 2513 nos
1175 2454 1211 2512 et
1235 2441 1341 2512 nobis
1374 2441 1524 2511 donauit
1557 2461 1665 2508 omne
1689 2441 1758 2509 Jus

388 2547 424 2606 et
457 2539 717 2629 proprietatem
753 2542 851 2634 quod
881 2541 920 2638 jn
953 2565 997 2612 eo
1029 2544 1186 2612 habebat
1217 2539 1322 2610 nobis
1352 2541 1496 2631 penitus
1521 2537 1756 2630 resignando.

386 2637 533 2728 Rogana
558 2648 597 2709 ut
620 2661 687 2710 nos
713 2639 860 2710 eandem
887 2642 1148 2735 proprietatem
1162 2649 1197 2712 et
1214 2640 1442 2710 donationem
1459 2639 1620 2709 Ecclesia
1635 2638 1757 2727 Sanctj
1850 2665 1856 2672 ·

386 2735 564 2822 iohannis
588 2737 627 2828 ju
654 2737 872 2836 Stangadem
899 2741 1162 2832 (Staingadem)
1189 2739 1450 2810 conferremus.
1504 2739 1582 2809 Noa
1609 2758 1757 2832 quoque

386 2835 487 2906 iuxta
512 2834 730 2932 peticionem
756 2863 856 2911 auam
882 2841 954 2908 iam
980 2841 1306 2932 dietum'predium
1331 2838 1549 2911 contulimus
1576 2845 1612 2906 11
1648 2836 1757 2906 dona·

387 2937 507 3008 nimus
533 2939 694 3008 Ecclesia
717 2940 896 3010 antedicte
922 2963 1004 3009 cum
1030 2941 1128 3009 omni
1154 2943 1242 3009 Jure
1267 2938 1314 3010 ad
1338 2939 1458 3032 ipsum
1483 2937 1699 3029 pertinente.
1716 2946 1759 3007 vt

388 3047 508 3105 autem
534 3036 785 3126 inposterum
814 3038 979 3127 predictj.
1006 3039 1051 3106 V.
1077 3039 1345 3132 successoribus
1371 3049 1435 3106 aut
1459 3039 1582 3130 aliquo
1600 3037 1760 3106 aliorum

389 3135 573 3223 sepedicta
596 3135 758 3204 Ecclesia
783 3156 979 3226 grauamen
1004 3136 1126 3206 subire
1149 3137 1188 3227 jn
1213 3139 1293 3228 ipso
1320 3137 1450 3228 predio
1475 3159 1549 3206 non
1574 3137 1757 3205 timeatur.

388 3225 500 3322 sigilli
534 3234 650 3302 nostri
685 3231 882 3303 munimine
914 3235 1011 3302 idem
1044 3236 1178 3306 donum
1214 3237 1430 3327 propensius
1462 3235 1757 3306 confirmauimns

387 3332 562 3421 appositis
587 3332 738 3400 testibus
763 3335 869 3400 talem
895 3333 1124 3404 donationem
1150 3336 1255 3406 nobis
1281 3336 1399 3405 datam
1433 3344 1469 3404 11
1499 3360 1522 3406 1
1554 3331 1659 3404 nobis
1686 3335 1757 3402 Ee·

387 3431 496 3500 cleaie
521 3432 773 3523 prenominata
796 3431 1070 3523 inspicientibus
1093 3435 1132 3527 jn
1158 3436 1273 3505 nostri
1298 3435 1492 3526 presentia.
1551 3434 1609 3523 Hij
1644 3443 1755 3504 111111

387 3539 482 3598 sunt.
534 3531 619 3602 ouo
647 3531 870 3622 frisingensis
886 3533 1097 3624 Episcopus.
1147 3536 1288 3605 Vlricus
1307 3533 1524 3624 patauiensis
1540 3535 1754 3625 Episcopus.

386 3627 580 3698 Bertoldus
606 3628 650 3700 de
676 3631 793 3700 Nifen.
845 3633 1038 3702 Heinrious
1062 3634 1107 3704 de
1132 3635 1250 3705 Nifen.
1300 3631 1516 3703 Berhtoldua
1541 3633 1758 3704 1111111111·

386 3729 501 3799 berc.
537 3729 769 3799 Eberhardus
796 3728 938 3820 dapifer
962 3732 1007 3801 da
1032 3743 1152 3804 tanne.
1203 3731 1458 3822 Engelscalcns
1474 3743 1512 3804 11
1525 3735 1756 3806 Hermannus

385 3827 432 3898 11
457 3829 694 3921 hegenebarc.
721 3839 757 3898 et
782 3831 850 3919 Alij
878 3854 984 3923 quam
1012 3833 1142 3920 plures.
1192 3833 1324 3899 Datum
1349 3830 1445 3921 apud
1470 3836 1668 3926 Augustam
1686 3834 1758 3902 An·

384 3948 436 3998 no
463 3928 1077 4019 11111111111111111111111111111.
1104 3953 1156 4002 cc.
1182 3951 1241 4000 1111.
1267 3929 1336 4020 urj.
1355 3931 1427 4002 ltal.
1446 3929 1614 4023 januarij.
1640 3930 1756 4003 ludic-

385 4025 496 4100 tionis
521 4027 594 4117 rnj.
