3746 4720
234 461 236 466 ,
288 367 291 374 ¹
347 365 437 461 288
741 348 991 476 Diplomats'
1014 355 1364 475 Ῑιιιρθιιιιοιιιιιι7
1418 297 1422 304 ’

350 623 435 676 nem
460 621 579 684 suam,
619 605 655 665 et
686 595 939 666 inhibitionem
973 606 1155 684 nostram,
1188 595 1315 667 uenire
1331 600 1624 714 presumpserit,
1663 619 1728 692 per

350 703 517 774 inimicos
542 707 686 767 nostros
706 698 902 768 transitum
928 691 1108 766 iaciendo.
1137 707 1173 765 et
1199 719 1282 767 cum
1308 698 1359 768 eis
1385 700 1499 767 uerbo
1535 707 1571 767 et
1606 720 1728 792 opere,

216 869 230 891 .
353 813 482 875 contra
507 808 666 870 nostram
692 797 975 868 comunicauerit
1001 794 1225 913 dignitatem,
1251 807 1291 864 ut
1309 819 1374 889 per
1390 798 1653 917 obligationem
1668 821 1729 868 no·

349 900 408 975 his
434 913 471 972 et
495 901 652 990 Imperio
678 897 808 986 factam
834 919 902 986 per
926 917 1020 981 eum,
1047 897 1126 987 ipso
1154 919 1197 966 ex
1219 897 1506 1015 transgressione
1523 889 1725 987 commissa,

222 1018 226 1036 '
350 1005 390 1074 in
415 1022 546 1094 penam
573 1001 751 1090 regalium
778 997 927 1066 ecclesie
952 994 1150 1080 incidente,
1176 998 1349 1089 regalia
1339 1020 1418 1088 ipsa
1441 999 1514 1069 sint
1539 1000 1730 1071 adnotet
1822 1055 1826 1062 .

352 1099 551 1221 lmperium
577 1099 851 1192 racionabiliter
876 1095 1066 1182 deuoluta,
1103 1095 1189 1191 quia
1223 1107 1306 1187 post
1339 1099 1640 1188 transgressionis
1666 1100 1733 1167 cri·

352 1225 457 1288 men,
481 1211 667 1292 tamqnam
693 1198 874 1266 derebus
901 1196 1051 1264 ecclesie
1075 1217 1149 1266 non
1177 1195 1357 1282 curando,
1396 1200 1509 1266 multa
1542 1196 1587 1266 de
1613 1197 1732 1268 feudis

355 1315 392 1375 st
424 1301 529 1372 bonis
566 1296 718 1374 ecclesie
750 1296 961 1367 infeudauit.
988 1297 1169 1367 alienauit.
1203 1297 1360 1369 donauit
1389 1297 1567 1368 uendidit.
1592 1296 1732 1388 obliga·

354 1405 420 1474 uit.
448 1397 626 1492 distraxit.
651 1397 789 1490 pariter
814 1407 851 1468 ct
877 1397 1103 1474 subtraxit·
1092 1421 1131 1467 ιιι
1154 1397 1395 1496 prerudrcrum
1412 1407 1449 1466 et
1468 1397 1691 1494 dampnum
1678 1419 1733 1488 cp

273 1525 274 1532 ¹
354 1506 430 1574 sius
457 1495 609 1570 ecclesie
628 1522 677 1573 ac
704 1490 1182 1568 inestimabilemlesionem.
1211 1519 1334 1567 omnes
1352 1485 1633 1566 inleudaciones.
1646 1496 1731 1566 alie·

355 1602 538 1672 naciones.
573 1597 801 1666 donaciones.
835 1597 1076 1666 vendiciones.
1110 1596 1365 1690 obligaciones.
1402 1571 1662 1667 distractiones.
1698 1607 1735 1668 et

357 1699 620 1772 subtractiones
647 1719 715 1788 per
741 1717 824 1764 eum
849 1691 982 1783 factas,
1015 1717 1037 1762 a
1061 1705 1224 1786 tempore
1251 1695 1561 1787 transgressionis.
1597 1717 1661 1766 sue
1689 1697 1738 1766 ab
1865 1683 1870 1726 ³

357 1821 453 1870 anno
486 1796 658 1866 uidelicet
689 1791 868 1863 dominice
901 1795 1170 1863 iucarnationis.
1222 1797 1421 1865 lllillesimc
1455 1796 1735 1867 decentessime.

357 1899 556 1970 tricesimo.
583 1895 831 1965 nono·Mense
858 1893 1028 1963 Octobris
1052 1893 1279 1982 (Octobris),
1313 1897 1432 1971 tercie
1454 1896 1594 1974 decime
1619 1897 1735 1966 lndic·

356 1985 477 2072 tionis.
502 1997 668 2110 dictante
683 1993 886 2064 sentencia
882 2015 1105 2085 procerum,
1138 2003 1174 2066 et
1198 1995 1509 2086 ministerialium,
1542 1997 1734 2074 nobiccum
1868 2009 1870 2042 ³

355 2101 395 2169 in
420 2096 567 2191 publica
592 2091 695 2168 curia
717 2094 969 2194 resideucium,
998 2093 1141 2200 quando
1158 2095 1334 2167 llenricus
1360 2095 1734 2168 dicteBabenberien·

356 2201 406 2271 sis
431 2189 777 2289 (BabcnbergcnsisJ
805 2194 955 2265 ecclesie
964 2189 1135 2281 electus,
1145 2189 1305 2267 dilectus
1312 2195 1482 2288 princeps
1502 2205 1651 2315 noster,
1656 2205 1736 2267 erat
1869 2171 1870 2198 ³

264 2311 269 2323 ’
359 2323 382 2370 a
407 2297 512 2368 nobis
539 2297 638 2366 iuxta
664 2318 805 2366 morem
830 2296 968 2388 regalia
993 2306 1224 2388 recepturus,
1251 2319 1362 2386 super
1385 2297 1617 2367 reuocations
1640 2296 1735 2388 ipso·
1869 2313 1870 2320 ’

357 2420 442 2469 rum
466 2397 648 2466 bonorum
673 2396 922 2488 prouisioncrn
947 2407 1110 2466 nostram
1144 2407 1181 2468 et
1214 2398 1395 2489 publicam
1428 2396 1649 2490 sentenciam
1682 2417 1735 2466 ra·

358 2495 550 2590 quirendo.
578 2493 846 2567 sentencialiter
870 2495 1037 2567 duximus
1063 2497 1286 2567 reuocandas
1301 2497 1492 2588 predictas
1510 2517 1636 2567 omnes
1651 2517 1737 2588 pro·

358 2597 572 2667 nunciantes
600 2591 724 2665 irritas
757 2607 794 2664 et
826 2599 960 2666 inanes.
997 2606 1034 2674 et
1068 2617 1152 2666 eccs
1178 2597 1275 2690 quod
1300 2599 1494 2689 Ramungo
1517 2596 1561 2666 da
1585 2599 1736 2666 liamer·

360 2697 463 2767 stein
490 2706 528 2766 st
550 2692 749 2766 butellario
776 2687 839 2766 de·
835 2697 1097 2784 Nuorenberc,
1118 2697 1285 2767 fidelibus
1305 2699 1458 2782 nostris,
1484 2697 1628 2788 plenam
1643 2717 1736 2766 con·

361 2796 534 2890 cessimus
559 2805 796 2888 potestatem.-
812 2797 987 2888 predicta
1001 2797 1130 2867 omnia
1147 2819 1220 2890 que
1253 2797 1450 2868 infeudata
1486 2794 1651 2867 alienata.
1677 2797 1738 2865 ob·

358 2899 480 2989 ligata.
512 2897 666 2967 donata.-
690 2897 846 2967 vendita.
882 2883 1053 2968 districta
1070 2907 1106 2966 et
1132 2895 1335 2983 subtracta,
1369 2919 1391 2966 a
1414 2905 1588 3014 'tempora
1621 2905 1738 2968 trans·

361 2997 560 3090 gressionis
586 2996 802 3090 inuenerint,
829 2996 1044 3067 anctoritate
1070 2997 1185 3066 nostri
1211 2996 1426 3082 culminis*
1413 3017 1454 3064 ιιι
1480 2996 1652 3068 eiusdem.
1689 2995 1736 3066 H.

362 3097 486 3175 electi,
513 3105 550 3162 et
575 3095 726 3165 ecclesie
748 3116 815 3165 sus
840 3094 1041 3162 dominium
1068 3095 1223 3164 debeant
1241 3117 1433 3166 reuocare.
1472 3081 1737 3181 lustramentis,

362 3205 399 3266 et
424 3191 630 3284 rescriptis,
657 3192 788 3262 exinde
815 3191 1022 3278 confectis,
1032 3194 1232 3286 siquando
1258 3200 1548 3289 comparuerint,
1584 3195 1737 3266 nullate·

361 3315 430 3364 nus
455 3293 631 3362 ualitnris.
658 3312 730 3384 qus
755 3292 889 3360 nullius
914 3291 1143 3364 decernimus
1168 3315 1246 3366 csse
1272 3297 1455 3380 momenti.
1474 3305 1737 3388 stantemque

362 3393 402 3462 in
427 3393 614 3484 publicum
639 3391 832 3479 edicimus,
864 3391 1091 3463 obseruanda
1115 3414 1313 3466 cernamus.
1338 3407 1377 3468 et
1402 3417 1424 3465 a
1449 3396 1556 3465 nobis
1587 3395 1739 3486 incipiat

362 3501 574 3563 nostrornm
598 3491 835 3562 obseruaneia
859 3492 1121 3580 mandatorum,
1145 3515 1231 3567 cum
1253 3495 1364 3565 nicliil
1383 3491 1594 3585 gloriosius'
1588 3514 1738 3565 cennsa-

362 3598 470 3677 mua',
490 3613 597 3682 quam
624 3592 772 3662 subesse
797 3593 950 3683 legibus,
978 3610 1066 3709 quas
1092 3594 1291 3689 melanus.
1305 3593 1453 3664 faudem
1480 3595 1677 3688 qnondam
1681 3615 1740 3664 co

364 3693 464 3761 mitis
485 3685 533 3759 de
560 3692 705 3782 Bogcn,
730 3691 776 3761 ad
801 3689 1025 3762 ecclesiam
1014 3713 1130 3783 ipsam
1154 3691 1339 3787 spectans,
1367 3693 1465 3787 quod
1491 3717 1579 3785 psr
1583 3693 1739 3766 cundem

366 3789 549 3884 quondam
575 3795 744 3878 electum,
769 3801 853 3884 post
877 3793 1203 3884 transgressionem
1227 3815 1351 3879 suam,
1377 3815 1401 3862 a
1424 3790 1522 3864 dicto
1547 3797 1661 3888 Rege.
1695 3795 1733 3862 (l.

364 3891 441 3960 lilio
467 3901 611 3977 nostro,
637 3891 771 3960 dicitur
793 3891 906 3961 fuisse
931 3889 1152 3983 susceptum.-
1175 3893 1295 3964 eidem
1311 3895 1354 3962 H.
1382 3892 1541 3964 electo’
1529 3918 1569 3963 ιιι
1588 3899 1739 3964 suorum
1870 3921 1871 3962 l

364 3990 585 4092 recepcions
604 3991 796 4094 regalium
806 3987 975 4060 duximus
1000 3993 1266 4082 resignandum.
1282 3991 1481 4083 indignum
1504 4003 1734 4086 inputantes,

363 4077 686 4184 &transgressore
698 4099 835 4181 tenera,
859 4091 1032 4185 masan
1041 4092 1130 4183 aliis
1150 4093 1316 4180 duximus
1324 4091 1560 4166 irritandrlm'.
1600 4093 1657 4164 Ad
1677 4115 1737 4164 cu
1870 4193 1871 4200 ἵ

1681 4195 1738 4263 ins
