3864 4728
415 359 422 372 .
487 303 731 424 Diplomatc
760 301 867 394 falsa
896 301 947 462 s'tw
965 306 1184 423 rescripta·
1434 311 1529 417 309.

774 653 892 762 xu.
950 624 990 726 s

175 889 269 948 Anno
297 839 378 954 itui
403 885 510 968 potius
537 903 632 970 quam
663 893 754 952 1204.
791 895 846 950 21.
869 884 999 950 ianuar.
1052 883 1265 974 Mogontia.-
1300 885 1350 948 Ex
1375 885 1495 950 instru·
1555 855 1560 865 ¹

689 1021 800 1076 mento
824 1025 989 1112 renovato·⁸
1446 987 1448 994 Ι

152 1201 317 1320 Philipp
319 1233 370 1292 us
395 1205 448 1292 11.
477 1205 808 1294 monasterias.
839 1205 991 1294 Albani
1022 1205 1137 1324 ap'ud
1174 1177 1436 1339 Mdgontiam
1469 1203 1525 1290 ad

154 1323 503 1459 supplicationem
532 1323 720 1408 Heinrici
750 1323 940 1410 eiusdem
979 1325 1064 1410 loci
1102 1322 1264 1410 abbatis
1306 1320 1523 1434 privilegia
1660 1321 1664 1331 ’

26 1545 27 1550 Ν
151 1437 301 1528 Karoli
331 1439 499 1556 Magni,
540 1438 771 1546 Lu'dovioi,
809 1467 861 1526 uc
902 1441 1072 1527 Ottonis
1101 1441 1174 1528 111
1192 1439 1523 1554 imperatorum

591 1554 865 1644 confirmasse
900 1557 1067 1644 dicitur

149 1725 368 1874 Philippus
392 1781 570 1854 secundus
598 1783 656 1876 dej
683 1785 801 1878 gratia
825 1785 1071 1866 Romanorum
1098 1807 1163 1856 rex
1189 1793 1226 1855 et
1250 1803 1395 1876 semper
1410 1801 1522 1876 sngu-

152 1911 248 1986 atus,
285 1900 506 1990 temporalis
533 1899 638 1992 regni
665 1901 779 1992 nostri
807 1903 934 1972 titulos
959 1901 1166 1972 extollimus
1200 1897 1355 1970 feliciter
1388 1907 1424 1968 et
1450 1921 1522 1968 am·

151 2002 327 2092 pliamus,
353 2009 390 2068 et
415 2007 540 2068 eterne
565 2001 640 2068 uite
666 2001 804 2092 premia
830 2001 1052 2072 lucrabimur
1077 2000 1114 2070 in
1140 1999 1321 2088 futurum,
1352 1995 1382 2068 si
1409 1999 1523 2070 eccle·

24 2119 26 2126 ’
152 2100 286 2169 siarum
318 2097 433 2192 quieti
469 2095 656 2168 intendere
690 2101 897 2171 eurauimus
932 2110 969 2169 et
1003 2101 1101 2171 circa
1133 2121 1259 2168 earum
1292 2097 1525 2168 commodum

152 2220 275 2289 eurem
301 2208 338 2265 et
362 2219 510 2287 operam
536 2197 806 2270 adhibuerimus
832 2201 1054 2292 diligentem.
1106 2201 1185 2294 Qua
1206 2209 1359 2289 propter
1377 2193 1523 2264 uniuer-

151 2301 197 2366 sis
223 2295 372 2386 lmpsrij
398 2298 540 2366 romani
567 2297 731 2370 fidelibus
755 2309 828 2370 tam
853 2299 1007 2391 posteris
1023 2319 1131 2392 ιιιιιιιι
1151 2297 1335 2369 modernis
1356 2293 1523 2364 duximus

25 2421 29 2430 ·
151 2396 465 2484 innotescendum,
499 2397 599 2492 quod
635 2420 700 2468 noa
736 2401 1066 2470 animaduertentee
1097 2420 1287 2491 pressurae
1322 2405 1358 2466 et
1392 2416 1527 2514 ειιιιιιι

150 2497 308 2586 iacturas
334 2517 456 2564 rerum
482 2505 519 2564 et
543 2499 742 2585 bonorum,
769 2521 858 2593 quas
884 2499 1096 2568 honorabile
1122 2495 1380 2568 monesterium
1408 2494 1527 2564 saneti
1614 2539 1620 2550 ·

23 2615 33 2670 :⁸
153 2577 271 2684 elbanj
297 2595 392 2685 apud
417 2597 643 2688 Mogontiam
670 2619 756 2690 sepe
782 2599 952 2668 sustinuit
976 2621 1044 2688 per
1069 2595 1243 2669 officiatos
1265 2598 1385 2688 regios
1408 2596 1472 2664 et
1460 2617 1525 2664 sm-

23 2701 25 2730 *
151 2696 305 2787 pericles
331 2694 538 2782 ministros,
562 2719 605 2764 ne
630 2697 719 2766 alios
745 2698 909 2766 homines
946 2719 1010 2765 sua
1043 2697 1204 2786 potentis
1238 2692 1445 2777 abutentes,
1478 2691 1524 2760 ad

154 2789 456 2887 supplicationem
482 2795 602 2866 dilecti
627 2793 744 2864 tidelis
770 2798 884 2866 nostri
913 2792 1072 2882 HeinricJ'
1101 2792 1260 2864 eiusdem
1284 2791 1376 2881 loej,
1414 2786 1522 2859 abba·

23 2939 27 2968 t
152 2897 214 2983 tis,
239 2915 284 2965 so
309 2895 461 2962 fratrum
488 2893 622 2967 ibidem
649 2905 684 2962 et
703 2896 875 2988 precipue
895 2895 1016 2964 diuine
1041 2891 1342 2964 remunerationis
1358 2891 1521 2975 obtentu,

151 2994 362 3092 priuilegia,
389 2993 529 3084 gracias
553 3006 590 3063 et
613 2993 819 3080 libertates,
859 2995 990 3064 adino
1015 2997 1143 3064 karolo
1178 3015 1309 3087 magno
1341 2987 1522 3058 Ludevico

152 3095 227 3164 eius
255 3094 331 3162 filio
359 3115 399 3160 ae
425 3103 549 3162 ottone
582 3093 710 3180 tertio,
745 3095 913 3169 romanis
936 3091 1216 3186 imperatoribus
1248 3087 1413 3184 predicto
1446 3110 1521 3157 mo·

151 3193 307 3263 neuterio
333 3213 520 3262 concessas
538 3193 798 3282 presentibus
787 3217 1020 3280 annonamus,
1046 3195 1238 3285 ipsumque
1260 3187 1519 3260 monasterium

151 3293 345 3408 recipimus
372 3313 438 3383 per
463 3303 650 3384 presentes
687 3295 754 3368 sub
788 3283 988 3386 specialem
1007 3291 1272 3410 magnitudinis
1305 3299 1429 3358 nostre
1454 3289 1521 3358 lm·

152 3392 317 3509 perquue
352 3391 491 3460 romani
525 3393 808 3510 protectionem,
842 3417 923 3464 cum
956 3393 1135 3462 uniuersis
1167 3390 1392 3474 bominibus,
1425 3404 1521 3458 man·

156 3491 278 3581 cipite,
304 3493 485 3579 curtibus,
511 3494 691 3582 grangiis,
718 3495 826 3564 rebus
859 3516 901 3562 ae
926 3491 1213 3611 possessionibus
1247 3489 1363 3562 sidem
1398 3507 1520 3555 mona·

68 3627 72 3643 ι
154 3592 264 3658 sterio
297 3591 529 3659 attinentibus
569 3593 753 3684 acquisitis
789 3595 880 3681 iam,
915 3615 979 3662 seu
1019 3593 1242 3684 inposterum
1281 3585 1520 3704 acquirendis.

155 3691 200 3758 Et
225 3701 279 3760 nt
291 3690 405 3781 gratie
428 3681 634 3784 pariterque
662 3693 907 3762 beniuolentie
934 3702 1055 3762 nostre
1088 3689 1297 3782 plenitudo,
1323 3689 1421 3756 cirea
1437 3707 1521 3754 eun·

81 3807 84 3812 “
157 3787 244 3860 dem
261 3791 379 3858 locum
406 3789 558 3880 amplior
584 3791 805 3876 declaretur,
844 3793 1010 3862 volumus
1036 3793 1184 3861 omnino
1210 3800 1247 3860 et
1274 3787 1374 3882 regia
1401 3782 1519 3878 preci·

158 3887 275 4004 pimus
299 3891 532 3978 auctoritate,
557 3911 624 4007 pro
650 3893 777 3982 nobis,
805 3893 1010 3988 nostrisque
1031 3889 1321 3990 suceessoribus,
1358 3895 1399 3952 ut
1429 3882 1519 3952 nulli
1602 3921 1606 3930 ι

158 3989 304 4077 omnino
326 4010 517 4082 persone,
527 3991 782 4092 cuiuscumque
807 4002 939 4079 status,
964 3975 1223 4086 preeminentie
1248 3982 1473 4081 dignitatis
1448 4005 1518 4052 aas·
