3848 4738
401 409 488 514 502
573 442 576 460 ¹
858 430 861 440 ’
965 419 1256 530 Αιιὼιιιιίιι.,

401 653 616 724 continetur
644 651 764 744 Quare
790 671 854 741 pro
881 659 985 742 parte
1010 663 1131 720 uestra
1165 651 1234 720 fuit
1260 651 1362 721 nobis
1389 625 1572 720 humiliter
1603 653 1773 745 supplica·

400 763 477 822 tum
503 762 544 820 ut
568 751 771 819 huiusmodi
800 750 1029 818 donationem
1054 751 1285 821 traditionem
1319 753 1650 841 incorporationem
1675 775 1774 822 anne-

247 848 251 856 '
382 853 544 946 'xionem
581 863 617 918 et
649 852 817 917 unionem
828 846 1061 918 auctoritate
1089 873 1174 940 apos
1161 854 1285 934 tolica
1312 852 1526 930 confirmare
1553 851 1597 920 de
1620 853 1777 941 speciali
1905 835 1906 854 ³

316 1004 319 1012 .
401 953 516 1044 gratis
541 951 782 1040 dignaremur.
811 947 949 1016 Noae
911 951 1025 1040 abitur
1040 951 1243 1024 huiusmodi
1269 924 1593 1040 supplicationibus
1621 951 1778 1019 inclinati

402 1051 637 1119 donationem
672 1050 901 1117 traditionem
938 1072 1078 1117 necnon
1119 1051 1448 1140 incorporationem
1495 1049 1708 1118 anexionem
1744 1059 1778 1120 et

326 1143 330 1152 ’
402 1151 574 1219 unionem
602 1149 778 1239 predictae
804 1159 898 1217 ratas
924 1149 1095 1246 habentes
1122 1161 1160 1218 et
1184 1155 1305 1240 grdtas
1339 1150 1417 1217 illas
1450 1150 1665 1228 auctoritate
1696 1171 1778 1240 apo·
1904 1175 1906 1192 ⁴

402 1251 530 1318 stolica
555 1259 589 1316 et
616 1271 660 1316 ex
686 1249 783 1318 certo
808 1248 955 1317 scientia
971 1249 1223 1318 confirmamus
1250 1258 1284 1316 et
1310 1249 1488 1337 presentis
1512 1249 1638 1340 scripti
1665 1260 1778 1338 patro·

404 1351 499 1418 sidio
545 1349 778 1416 comunimus.
814 1351 934 1416 Terror
963 1369 1107 1433 xuerum
1144 1349 1319 1426 dictarum
1360 1350 1561 1432 litterarum
1594 1347 1678 1415 talis
1715 1358 1782 1415 est.-

404 1445 588 1519 Albertus
622 1448 680 1515 dei
714 1458 749 1516 et
782 1449 979 1538 apostolice
1013 1449 1257 1536 sedisgrntis
1285 1438 1537 1516 Paraetacis
1562 1441 1779 1539 Episcopus

403 1549 456 1617 Ad
483 1560 693 1638 perpetuam
719 1547 772 1615 rei
801 1545 1022 1632 memoriam,
1049 1549 1221 1642 Quamuis
1248 1565 1291 1613 ex
1320 1542 1441 1614 debito
1467 1547 1658 1635 pastoralis
1680 1547 1779 1636 officy

402 1649 537 1717 nostris
563 1648 722 1716 humeris
748 1648 979 1715 incumbente
1005 1649 1163 1736 ecclesys
1196 1643 1417 1738 quibuslibet
1453 1668 1495 1712 ac
1532 1645 1780 1714 ecclesiasticis
1905 1641 1906 1676 l

403 1757 441 1815 et
466 1742 662 1837 presertim
685 1747 863 1836 religiosis
900 1747 1062 1835 personis
1088 1748 1149 1836 pia
1173 1743 1403 1814 humanitatis
1427 1743 1597 1836 suffragia
1622 1752 1659 1812 et
1683 1745 1780 1812 auxi·
1905 1755 1906 1770 ¹

403 1847 495 1912 liosa
518 1843 690 1912 beneficia
715 1843 923 1934 impendere
950 1843 1163 1930 debeamus,
1198 1846 1527 1934 potissime-tamen
1559 1842 1604 1918 ad
1637 1843 1780 1911 maioris

275 2021 278 2030 ¹
405 1953 442 2012 et
465 1945 688 2033 specialioris
726 1945 819 2012 dona
853 1943 1094 2014 beneficencie
1129 1965 1194 2013 nos
1222 1953 1428 2034 reputamus
1464 1943 1670 2033 specialiter
1695 1941 1780 2011 obli·

333 2031 342 2049 ⁸
404 2053 526 2134 gatos,
558 2045 643 2134 hys,
677 2065 746 2135 que
781 2044 824 2111 de
851 2063 1005 2160 corpore
1032 2053 1154 2113 nostre
1175 2044 1398 2112 Patauiensis
1431 2044 1581 2110 ecclesie
1607 2040 1780 2131 primeca

403 2127 613 2212 fundatione
640 2154 859 2261 receperunt
880 2145 1078 2234 originem,
1113 2153 1149 2211 et
1173 2145 1236 2211 ubi
1272 2167 1339 2233 per
1370 2143 1547 2230 ampliora
1581 2137 1780 2209 deuotionis
1905 2137 1906 2150 ¹

404 2253 442 2311 et
466 2243 650 2311 salutifere
676 2243 941 2312 exercitationis
967 2265 1089 2342 opera
1104 2241 1297 2332 gloriosius
1327 2244 1517 2314 extollitur
1549 2261 1681 2309 nomen
1715 2241 1779 2308 tlei.

334 2399 336 2410 .
404 2341 498 2412 Sane
524 2364 607 2409 cum
632 2342 890 2410 Monssteriur'n
917 2345 1030 2411 sancti
1045 2333 1195 2433 ypoliti
1211 2343 1349 2411 ordinis
1374 2339 1693 2449 sanctiAugustini
1718 2341 1778 2408 Ga·

404 2433 616 2510 noricorum
641 2443 861 2531 regularium
888 2453 1011 2510 nostre
1044 2443 1216 2526 diocesis,
1257 2441 1354 2533 quod
1389 2463 1471 2509 cum
1505 2441 1579 2508 suis
1614 2437 1781 2508 membris

404 2541 582 2630 personis.
606 2550 642 2608 et
668 2538 840 2609 ministris
866 2541 955 2608 inibi
981 2543 1156 2610 uirtutum
1171 2539 1316 2610 dommo
1342 2541 1595 2607 famulantibus
1624 2547 1782 2608 anostra

405 2641 606 2708 Patauiensi
634 2641 786 2710 ecclesis
812 2640 1032 2708 fundationis
1059 2639 1240 2731 primitius¹
1264 2641 1443 2728 originem
1469 2638 1648 2727 recepisse
1668 2638 1780 2706 diuos·

406 2740 512 2824 citur,
537 2741 574 2806 in
602 2741 799 2832 quostiam
825 2741 968 2808 uolente
992 2739 1169 2807 altissimo
1189 2739 1374 2833 religionis
1401 2737 1634 2806 obseruantia
1656 2758 1781 2825 magna

404 2841 525 2930 uiget,
552 2849 597 2906 ets
623 2840 759 2907 malitia
784 2851 1005 2929 temporum,
1034 2841 1221 2908 sterilitate
1249 2845 1456 2922 Annorum,
1482 2837 1576 2927 ignis
1601 2838 1781 2925 uoragine,

405 2939 588 3030 frequenti
614 2941 766 3007 transitu
791 2939 1033 3022 exercituum,
1060 2961 1101 3007 ac
1127 2939 1250 3026 litibus
1275 2947 1311 3005 et
1337 2929 1521 3028 disturbys
1545 2945 1724 3004 terrarum
1748 2935 1781 3000 ic

406 3039 618 3130 prediorum
641 3057 790 3106 suorum
813 3038 991 3106 fructibus
1018 3021 1182 3105 censibus
1208 3036 1488 3106 obuentionibus
1520 3043 1557 3104 et
1587 3032 1782 3128 redditibus

409 3145 505 3205 esset
524 3133 619 3203 adeo
634 3135 854 3252 'dissipatum
881 3135 1043 3226 grauiter
1070 3146 1105 3204 st
1129 3137 1351 3252 depressum,
1377 3134 1477 3227 quod
1502 3134 1547 3202 'de
1574 3142 1678 3224 parte
1702 3133 1783 3201 resi·

410 3234 481 3304 dua
499 3235 736 3306 necessitates
762 3236 920 3306 eiusdem
937 3238 1147 3326 Monastery
1172 3235 1322 3326 portari,
1348 3245 1400 3304 et
1410 3231 1654 3301 incumbentia
1680 3251 1783 3300 onere

411 3331 572 3423 expediri
599 3333 719 3408 debite
744 3356 817 3404 non
843 3337 1023 3419 ualerent,
1061 3337 1133 3404 Nos
1161 3327 1418 3425 compaciendo
1443 3333 1583 3423 magnis
1609 3340 1645 3398 et
1671 3333 1784 3422 inpon

410 3431 610 3503 tatibilibus
636 3435 723 3503 dicti
748 3437 958 3525 Monastery
982 3431 1219 3502 incommodis
1245 3445 1280 3502 et
1316 3430 1519 3500 defectibus
1550 3431 1782 3520 supradictis,

279 3529 303 3609 ’,
326 3517 343 3548 ”
412 3533 546 3603 Habito
571 3555 716 3626 quoque
742 3555 853 3624 super
877 3555 920 3602 en
946 3534 1156 3602 tractatibus
1181 3533 1332 3606 coneilio
1357 3542 1417 3600 st·
1426 3523 1690 3600 deliberatione
1714 3527 1785 3598 dili·

413 3633 579 3724 gentibus
606 3653 687 3700 eum
713 3631 886 3702 fratribus
912 3631 1135 3704 Venerabilis
1161 3633 1315 3722 Capituli
1350 3632 1463 3699 nostri
1478 3609 1710 3698 Patauiensis
1741 3627 1784 3696 de

411 3735 558 3804 illorum
584 3731 735 3800 consilio
768 3743 804 3800 et
828 3753 1004 3802 consensu
1031 3731 1280 3801 Venerabili
1269 3754 1305 3797 ιιι
1331 3731 1475 3798 Christo
1501 3729 1626 3797 Vlrico
1658 3729 1783 3817 Prepe-

413 3835 494 3902 sito.
523 3833 667 3900 Decano
701 3831 840 3924 totique
873 3833 1076 3900 Conuentui
1111 3831 1241 3922 prelati
1267 3815 1477 3919 Mocastery'
1509 3827 1624 3899 sancti
1655 3823 1784 3917 Ypoliti

414 3941 451 4001 et
474 3932 637 4022 ipsorum
663 3931 882 4000 Monaeterio
908 3930 1003 3998 dieta
1029 3941 1153 3998 nostre
1177 3931 1331 4000 diocesia
1363 3929 1548 3999 ecelesiam
1585 3925 1785 4018 parrochia

412 4033 486 4098 lam
523 4031 634 4099 sancti
660 4029 832 4119 Stephani
866 4031 1218 4120 Prothomartyris
1196 4053 1245 4098 m
1285 4027 1433 4098 llbrben
1463 4027 1629 4096 iamdicta¹
1668 4035 1785 4094 nostre

414 4127 568 4202 diocesis
601 4150 682 4201 cum
723 4131 797 4204 suis
833 4127 975 4204 iuribus
1010 4127 1212 4203 redditibus
1229 4127 1281 4200 'et
1313 4128 1537 4225 pertinentys
1563 4125 1718 4218 ›singulia
1749 4131 1785 4192 et
