3746 4720
392 293 480 444 322
577 352 580 360 ’
785 351 1030 467 Diplomuta
1057 353 1369 468 Imperatorum
1406 413 1411 423 -

392 590 532 681 cipibus
557 597 593 656 et
616 584 793 657 uniuersis
818 589 1010 660 comitibus
1036 601 1073 660 et
1098 581 1345 658 nobilibus'et
1370 589 1632 680 sollempnibus
1671 617 1754 662 nun·

288 760 295 783 ,
389 691 460 778 tijs.
485 687 646 759 omnium
671 686 857 758 ciuitatum
881 689 925 758 de
949 691 1085 768 basilee
1110 689 1273 758 inferius.
1292 690 1330 760 in
1348 699 1471 758 neura
1487 691 1674 778 presencie
1697 718 1753 762 nu·

390 813 458 879 per
482 786 577 878 epud
603 787 836 858 wormaciens
861 789 1048 860 coniurata
1071 789 1122 860 its
1147 789 1316 859 uidelicet
1340 800 1381 858 ut
1397 788 1551 881 quilibet
1566 791 1642 860 siue
1660 791 1753 883 prin·
1871 863 1872 868 ,

390 909 475 981 eeps
503 890 562 957 uel
587 907 708 957 comes
734 898 797 958 aut
823 885 953 958 nobilis
977 912 1042 959 seu
1068 887 1157 958 ciuis
1182 886 1372 978 burgensis
1386 887 1569 978 Opidsnus
1587 887 1646 958 uel
1661 894 1753 982 egri·
1870 913 1872 962 ι

392 993 471 1058 cole
503 984 581 1058 siue
614 989 768 1057 villanus
800 990 861 1057 uel
893 989 1138 1081 cuiuscunque
1172 988 1389 1058 conditionis
1416 993 1546 1058 existet
1570 997 1755 1064 contentus
1864 1000 1872 1079 ζ

390 1089 559 1157 decetero
592 1096 735 1156 manent
768 1085 847 1156 iure
881 1109 958 1158 suo.
985 1109 1052 1158 nos
1076 1098 1116 1157 ut
1142 1087 1356 1156 christianus
1381 1091 1537 1179 populus
1563 1111 1584 1156 s
1610 1089 1752 1160 diutinis

388 1188 570 1258 bellorum
595 1196 633 1256 et
657 1186 903 1257 turbationum
928 1187 1116 1258 laboribus
1141 1187 1366 1278 temporibus
1393 1190 1527 1256 nostris
1562 1186 1601 1257 in
1627 1192 1757 1258 smeni·
1871 1217 1872 1226 ι

390 1297 462 1357 tate
498 1287 596 1378 pacis
632 1284 796 1377 respiret.
830 1307 974 1362 omnem
1001 1309 1107 1378 opem
1129 1297 1170 1358 et
1195 1307 1344 1380 opernm
1369 1296 1593 1378 opponentes
1617 1287 1756 1379 predic-

378 1393 462 1470 tam
488 1386 695 1476 generslem
720 1406 846 1476 pacem
871 1395 997 1477 utpote
1022 1387 1221 1457 salubrem'
1238 1397 1275 1455 et
1307 1385 1413 1476 piam.
1447 1388 1662 1455 auctoritate
1688 1387 1755 1456 lle·
1870 1357 1872 1434 l

389 1487 481 1578 galis
507 1485 672 1554 culminis
698 1485 939 1576 approbamus
967 1496 1003 1555 et
1027 1486 1255 1579 presentibus
1281 1483 1489 1554 duraturam
1515 1487 1756 1582 inposterum

388 1585 656 1655 confirmamus.
708 1585 819 1654 Sacro
844 1586 1004 1674 presenti
1017 1587 1147 1656 edicto
1172 1585 1240 1655 sub
1258 1583 1552 1654 interminatione
1567 1587 1683 1675 gratie
1699 1609 1756 1654 no·

388 1696 465 1755 stre
492 1682 688 1752 districtius
715 1681 930 1753 inhibentes.
956 1685 1084 1777 nequis
1109 1682 1308 1778 predictam
1332 1705 1461 1777 pacem
1486 1706 1576 1753 ausu
1608 1695 1756 1753 temera·

386 1785 445 1853 rio
472 1781 673 1874 infringere
698 1780 828 1852 audent
852 1784 912 1851 uel
937 1783 975 1852 iu
1000 1784 1123 1876 aliquo
1144 1783 1291 1854 violer-e.
1341 1781 1463 1876 Siquis
1483 1804 1572 1854 uero
1591 1785 1754 1854 inuentus

366 1882 500 1956 -tueris
524 1880 737 1953 temerarius
762 1881 919 1952 uiolator
942 1885 1109 1954 uolumus
1134 1893 1172 1952 et
1196 1883 1355 1974 presenti
1388 1885 1525 1974 scripte
1557 1885 1756 1954 sanccimus

387 1992 429 2052 ut
454 1980 619 2074 deposita
642 1981 762 2071 primo
788 2001 917 2082 corum
936 1982 1042 2052 nobis
1067 1983 1126 2052 uel
1149 1980 1352 2071 justiciario
1376 1994 1501 2054 nostro
1534 1985 1682 2080 querele
1714 1984 1755 2052 de

388 2083 470 2174 ipso
503 2091 588 2150 tunc
620 2081 719 2150 ciues
753 2091 791 2150 et
823 2080 884 2170 alij
919 2082 981 2174 qui
1008 2081 1103 2175 pacis
1129 2079 1253 2152 federe
1279 2091 1364 2151 sunt
1388 2081 1536 2151 astricti.
1563 2081 1607 2151 de
1634 2091 1755 2150 nostro

387 2184 449 2252 uel
475 2181 587 2251 nostri
601 2179 796 2270 Jueticierij
823 2181 976 2252 consilio
1003 2201 1152 2253 sesensu
1178 2183 1314 2272 pariter
1336 2189 1373 2250 et
1391 2179 1529 2250 surore.
1544 2183 1756 2251 contrusio·

254 2272 258 2283 ’
386 2283 542 2350 intorem
570 2277 772 2350 huiusmodi
799 2272 1000 2369 procedere
1026 2303 1098 2351 non
1123 2282 1301 2351 omittant.
1359 2281 1491 2349 Detum
1525 2281 1620 2373 spud
1653 2283 1756 2372 hage

377 2366 534 2450 'nonne
585 2401 634 2450 vr.
667 2377 716 2468 jd.
755 2378 880 2469 mercii
908 2379 1106 2469 indictione
1140 2379 1214 2467 xnj.
1250 2397 1345 2450 anno
1379 2379 1514 2468 dominj
1551 2381 1606 2450 Me
1632 2387 1692 2449 ec⁰
1716 2383 1757 2448 ld

388 2479 535 2576 Qulnto.
579 2579 589 2592 ι,

450 2705 493 2793 ιι)Ὰ
509 2697 678 2787 Sigillum,
702 2696 839 2764 {rectum
865 2700 902 2764 in
928 2698 1158 2777 muninime,
1183 2701 1307 2766 luseum
1330 2699 1365 2764 in
1386 2699 1512 2789 dentre,
1539 2701 1699 2784 appendet
1718 2721 1759 2763 er

483 2804 674 2887 tregrusnto
700 2799 962 2878 membranaceo,
996 2811 1092 2864 totum
1118 2800 1222 2864 adhue
1247 2801 1333 2886 regis
1358 2799 1535 2886 imaginem
1563 2821 1636 2862 cum
1670 2813 1753 2884 parte

508 2899 731 2981 'inscriptionis
754 2900 959 2983 exprimens,
985 2901 1193 2984 incipientis,
1220 2899 1342 2964 medius
1367 2918 1404 2962 ec
1429 2899 1615 2965 desinentis.

454 3071 485 3159 b)
511 3079 646 3142 lndlctie
671 3078 842 3160 respondet
865 3099 959 3143 enno·
977 3077 1052 3142 etr.
1078 3079 1227 3145 indicato.

456 3265 484 3340 c)
511 3259 713 3324 esttamen
739 3259 946 3327 Meermsnui
979 3281 1089 3346 npsrsr
1119 3225 1370 3330 'custeranno
1405 3230 1469 3327 ren
1496 3258 1598 3326 Gresf
1621 3257 1754 3322 Willern

511 3379 573 3422 vnn
600 3357 745 3423 Hollsnd
767 3361 804 3422 V.
835 3356 917 3438 162,
943 3375 975 3426 et
1000 3380 1041 3428 en
1066 3383 1102 3428 ee
1126 3363 1293 3430 leudetnrn
1318 3363 1355 3428 iu
1381 3363 1525 3428 Reumsr
1551 3357 1668 3426 semels.
1702 3359 1753 3420 der

493 3459 672 3538 ,Hebenrt
699 3459 740 3530 11,
767 3469 843 3542 tot.

447 3641 485 3723 d)
510 3643 705 3708 Dssnmtnm
728 3664 768 3710 ex
791 3642 922 3710 urebiro
948 3647 1059 3714 demus
1075 3649 1192 3736 ‚regies
1219 3648 1348 3747 berar.x
1472 3701 1476 3709 .
