3772 4722
417 315 528 426 210·
632 371 646 386 ·
816 309 1062 428 Diplomata
1088 307 1411 428 Imperatorum
1507 267 1517 306 ⁴

520 917 523 926 '
665 887 668 894 ¹
723 907 816 968 Anno
845 879 936 972 i233.
991 901 1073 965 circa
1100 901 1154 970 30.
1184 901 1281 965 Mart.
1335 897 1484 963 Werdaa.
1578 891 1582 902 ’
1665 939 1667 946 ,
1749 899 1754 913 '

421 1095 630 1186 Henricus
657 1037 761 1194 vlt,
784 1126 864 1184 rex
894 1097 1098 1185 fratribus
1137 1039 1424 1186 minoribus
1412 1125 1456 1182 m
1485 1095 1714 1216 Ratispona
1749 1121 1790 1186 et

470 1215 680 1308 ecclesiae
710 1233 883 1326 eorum,
913 1219 1116 1304 nimirum
1150 1218 1191 1302 S.
1225 1211 1489 1322 Salvatoris,
1518 1213 1604 1302 duo
1634 1207 1738 1304 hor-

752 1366 847 1444 rea,
877 1339 919 1423 in
948 1338 1160 1426 vicinitate
1190 1336 1292 1442 sita,
1323 1333 1464 1422 donat.

419 1531 640 1665 Helorinus
665 1568 732 1664 dei
751 1561 868 1686 gratia
893 1555 1140 1664 Romanorum
1164 1597 1248 1666 Rex'
1268 1593 1414 1722 semper
1433 1596 1625 1684 Augustus.
1677 1587 1793 1658 Omni·

420 1708 532 1778 bus'
522 1732 559 1775 ιιι
593 1717 818 1798 perpetuum.
874 1703 966 1778 Cum
1000 1732 1045 1780 ex
1083 1711 1255 1802 dignitate
1283 1707 1383 1801 regie
1409 1707 1607 1797 maiestatis
1633 1729 1703 1798 qva
1728 1703 1792 1774 deo

419 1808 566 1923 sapenta
599 1807 786 1923 fungimur
819 1829 942 1881 sacras
973 1820 1160 1880 teneamur
1195 1806 1390 1900 religiones
1418 1813 1593 1901 plantare.
1619 1809 1792 1898 plantatas

421 1909 534 1977 eciam
561 1930 634 1976 non
660 1908 778 1978 minus
803 1920 996 2002 protegere
1021 1935 1062 1980 ao
1088 1911 1225 1982 fouere.
1259 1911 1528 1980 considerantes
1562 1905 1792 1976 necessitudi-

419 2031 513 2078 nem.
540 2029 607 2076 neo
632 2031 706 2078 non
732 2020 768 2078 et
794 2011 996 2101 perieulum
1023 2011 1120 2103 quod
1146 2008 1337 2081 euidenter
1363 2012 1481 2102 patuit
1507 2007 1726 2079 habitationi
1749 2005 1794 2073 di-

419 2111 597 2180 lectorum
623 2131 825 2201 pauperum
852 2109 987 2181 Christi
1012 2122 1048 2180 et
1074 2123 1283 2182 nostrorum
1309 2111 1464 2181 fratrum
1490 2109 1660 2180 videlicet
1682 2099 1794 2175 mino·

420 2232 502 2279 rum
525 2211 564 2276 in
589 2209 788 2300 Ratiapona
814 2214 1130 2282 commorantium.
1145 2235 1191 2282 ex
1207 2211 1391 2281 vicinitate
1408 2213 1563 2280 duorum
1581 2214 1793 2278 horreorum

421 2333 491 2402 que
527 2310 595 2399 ipsi
626 2310 756 2380 fratres
790 2311 951 2381 fatentur
985 2315 1046 2382 vix
1081 2315 1127 2382 ad
1161 2325 1302 2403 septem
1328 2297 1460 2428 pedum
1488 2312 1555 2380 sita
1581 2309 1792 2378 distantiam

420 2409 575 2500 gratiam
601 2417 760 2488 nostram
787 2435 895 2503 quam
921 2411 1043 2482 facere
1063 2425 1098 2497 et
1117 2411 1196 2501 alijs
1217 2413 1468 2497 oonsveuirnus
1485 2409 1725 2510 saerosanctis
1743 2429 1794 2476 or·

421 2509 565 2578 dinibus
593 2517 627 2577 et
653 2511 740 2600 ipsis
766 2512 979 2583 subtrahere
1006 2514 1079 2583 ιιοιιΙ
1106 2535 1296 2605 possumus
1322 2535 1389 2582 neo
1399 2505 1608 2594 debemus.
1648 2490 1794 2577 Notum

421 2606 536 2700 igitur
561 2610 608 2680 sit
634 2611 802 2682 omnibus
829 2623 901 2681 tam
927 2615 1156 2705 presentibus
1183 2637 1291 2708 quam
1319 2605 1473 2707 posteris
1500 2613 1602 2704 quod
1632 2608 1795 2702 proprie·
1878 2689 1880 2694 ¹

420 2719 530 2806 tatem
555 2713 771 2782 horreorum
798 2713 1045 2831 predictorum
1071 2727 1107 2786 et
1133 2715 1235 2785 fundi
1263 2727 1299 2784 et
1325 2736 1419 2787 aree.
1453 2713 1605 2784 ecclesie
1639 2711 1795 2778 saluato-

420 2808 471 2880 ris
497 2812 611 2880 nostri
636 2813 674 2883 in
700 2806 972 2906 Ratispona.1n
998 2840 1070 2916 qua
1096 2817 1294 2912 supradicti
1310 2815 1440 2886 fratres
1461 2813 1607 2900 domino
1624 2809 1795 2879 famulan-

421 2922 480 2981 tur
506 2924 684 3004 perpetuo
709 2911 927 2986 contulimus
952 2905 1206 2986 adherendum.
1259 2919 1305 2984 Vt
1337 2927 1457 2985 antem
1490 2917 1557 2983 heo
1586 2921 1711 2981 nostra
1736 2910 1796 2978 do·

421 3013 556 3079 natio
545 3036 583 3080 ιιι
609 3014 753 3083 irritum
775 3037 853 3084 non
878 3028 1073 3100 reuocetur
1099 3016 1237 3096 stabilis
1267 3037 1353 3086 vero
1381 3039 1425 3086 aa
1449 3015 1553 3086 firma
1578 3019 1795 3106 permaneat.

422 3113 589 3180 volumus
615 3135 694 3180 eam
720 3115 877 3202 presenti
905 3115 1037 3204 pagina
1064 3126 1100 3183 et
1126 3113 1236 3205 sigilli
1263 3115 1376 3184 nostri
1402 3115 1604 3184 munimine
1620 3111 1795 3180 roborari.

422 3211 554 3276 Datum
582 3211 712 3280 Werde
740 3234 834 3281 anno
861 3213 1119 3284 incarnationis
1146 3215 1337 3284 dominice.
1377 3216 1444 3288 Μο.
1471 3219 1539 3285 cc⁰
1565 3210 1709 3302 xxxrsjt
1748 3212 1800 3278 ln·

266 3290 274 3312 '
340 3369 344 3374 .
423 3308 580 3377 dictione
607 3312 711 3393 (Vl).

486 3555 519 3630 n)
546 3549 717 3636 Sigillum,
752 3551 835 3631 quod
861 3551 1079 3632 appendebat,
1114 3549 1210 3634 pariit
1244 3571 1317 3613 oum
1352 3562 1520 3638 segmento
1545 3547 1798 3620 mambranaceo,

545 3648 598 3710 cui
624 3662 809 3730 praeparata
836 3651 950 3714 incisio
977 3645 1119 3734 dupplax
1144 3651 1178 3714 in
1214 3652 1402 3714 membrana
1435 3649 1573 3714 inferius
1608 3648 1798 3730 complicata

546 3749 748 3830 appendendi
773 3750 873 3836 sigilli
900 3751 1057 3814 indicium
1084 3764 1146 3828 art,
1172 3753 1267 3817 sicuti
1291 3753 1375 3814 illud
1400 3771 1576 3834 appensum
1595 3768 1666 3812 oasa
1685 3748 1799 3830 probat

545 3849 635 3912 locus
662 3849 746 3912 inter
773 3860 942 3933 utramque
968 3852 1159 3916 incisionem
1185 3852 1396 3934 conspicans,
1436 3864 1602 3939 segmento
1628 3849 1691 3913 isto
1720 3848 1798 3910 alirn

546 3961 726 4025 contectus,
762 3951 815 4031 qui
842 3953 1017 4033 pristinum
1044 3955 1219 4034 candorem,
1238 3952 1390 4030 retinnit,
1425 3973 1520 4036 quam
1545 3951 1671 4034 reliqua
1698 3969 1800 4014 marn·

545 4050 645 4116 hrono
672 4070 712 4114 ax
738 4063 892 4118 vetustata
918 4052 1036 4120 amitit.
1093 4104 1101 4131 ,
