3848 4738
350 313 474 406 354·
535 285 556 360 ἵ
639 307 644 322 ’
758 327 761 357 ·
915 242 1178 420 tullenses
1261 261 1265 274 ’

823 531 1269 646 CCCCXXXIII.

271 829 300 891 κ
349 784 645 896 Wonceslaus·
670 781 766 870 Rex
788 780 1029 898 'pataviensi
1060 769 1266 898 episcopo
1297 777 1482 866 iohanni
1519 757 1738 895 privilegia

620 920 687 987 ‘et
716 898 1047 1018 juraecclesiee
1078 927 1180 986 suae
1211 897 1443 985 confirmat.

703 1087 705 1091 Α
799 1121 1072 1202 Pyescse.1dsst·
1127 1081 1341 1219 22.Apr.-·

224 1319 227 1326 ’
349 1263 622 1396 Wenceslens
656 1319 716 1392 dei
738 1276 870 1413 gretie
899 1321 1147 1390 Romanorum
1179 1319 1261 1388 Rex
1292 1337 1436 1408 semper
1467 1287 1663 1409 augustus,
1703 1327 1739 1386 et

338 1425 496 1524 'Bocmie
522 1441 613 1507 Rex.
648 1425 944 1529 superponam
978 1433 1033 1504 rei
1067 1433 1293 1503 memoriam.
1327 1435 1425 1502 Inter
1459 1435 1530 1503 elin
1555 1433 1739 1501 Virtutum

350 1559 462 1629 opere
495 1539 622 1629 Regio.
656 1529 864 1629 Maiestatis
888 1555 1065 1628 generose
1096 1527 1297 1602 sublimitas
1332 1535 1480 1624 speciali
1515 1534 1654 1619 sludio,
1692 1533 1739 1600 od

346 1631 610 1730 illex'dign'stnr
633 1638 840 1725 intendere,
877 1657 1038 1728 perque
1065 1644 1203 1703 constet
1229 1635 1417 1726 Ecclesys,
1452 1646 1488 1703 et
1521 1655 1644 1704 esrum
1673 1634 1737 1700 Mi·

348 1738 472 1806 nistris
490 1739 647 1828 quietem
668 1759 805 1828 pacem,
833 1747 869 1805 et
886 1734 1077 1808 comodum
1094 1735 1250 1819 evenire,
1272 1732 1401 1802 Obluts
1418 1734 1595 1826 siquidem
1613 1745 1737 1804 nostre

348 1837 551 1906 celsitudini
578 1838 803 1922 Venerabilis
830 1831 1021 1906 lobannis
1048 1829 1296 1903 Putoeienszb
1322 1831 1522 1928 Episcopi,
1550 1835 1678 1918 nostri,
1703 1845 1739 1901 ct
1826 1870 1833 1886 ι

347 1938 493 2027 lmpery
520 1931 739 2030 Principes,
766 1947 802 2006 et
828 1935 949 2004 deuoti
977 1934 1118 2016 dilecti,
1155 1936 1308 2024 supplex
1344 1936 1471 2026 petitio
1507 1935 1737 2020 continebit,

345 2047 527 2129 quatenus
550 2032 792 2129 ¹Priuilcgiu.
835 2032 1045 2128 libertates.
1082 2030 1187 2102 Juru
1229 2026 1476 2106 emunitates)
1510 2028 1667 2104 indultu.
1702 2045 1738 2103 et

251 2191 263 2238 Ι,
335 2134 667 2224 consuetudines,
693 2136 782 2223 sibi,
808 2147 844 2206 et
869 2137 1030 2204 Ecclesie
1056 2157 1120 2206 sue
1148 2137 1350 2205 Petsuiensi
1377 2139 1562 2220 concesse,
1596 2145 1633 2206 et
1657 2157 1736 2204 con-

348 2259 488 2325 cessus,
516 2237 618 2324 dstu,
645 2247 682 2332 et
708 2237 825 2322 detes,
855 2247 1017 2320 seruate,
1049 2245 1085 2304 cl
1111 2246 1272 2304 seruatus
1297 2237 1469 2305 innouere
1496 2236 1673 2305 retificsre
1699 2246 1736 2304 et

161 2365 163 2376 ⁴
242 2381 246 2384 -
347 2337 581 2423 confir-ruere,
608 2336 653 2404 de
680 2339 901 2426 benignitate
926 2337 1042 2427 Regis
1068 2337 1309 2428 dignaremur.
1337 2339 1411 2408 Nos
1438 2337 1549 2427 igitur
1575 2336 1734 2405 eiusdem

346 2438 519 2527 Episcopi
545 2434 733 2528 precibus,
761 2439 868 2506 Velut
894 2439 1008 2506 iustis.
1034 2445 1071 2504 et
1097 2425 1370 2523 rationabilibus
1401 2437 1653 2506 fauorabiliter
1684 2439 1736 2503 in·

348 2537 471 2619 clinsti
497 2537 675 2606 Vniuersa
701 2548 738 2607 et
763 2538 904 2629 singule
930 2536 1125 2627 Priuilegis
1150 2534 1355 2623 libertates,
1388 2539 1475 2608 Jurs
1502 2541 1735 2622 emunitates,

347 2636 495 2708 indulte.
529 2659 596 2728 per
629 2634 714 2707 diue
748 2637 1011 2735 recordationis
1043 2637 1183 2727 Reges,
1217 2647 1254 2706 st
1286 2641 1528 2728 Imperatores
1554 2639 1733 2706 Romanos

345 2738 622 2831 predecessores
647 2747 800 2826 nostros,
825 2739 987 2808 Ecclesie
1004 2732 1202 2807 Pstsuiensi
1229 2737 1380 2827 profete,
1407 2747 1443 2808 et
1459 2737 1537 2808 eius
1553 2733 1733 2828 Episcopo

347 2860 537 2927 concesse,
567 2848 604 2908 et
632 2838 732 2926 dete,
767 2860 954 2908 concessus
981 2846 1018 2906 et
1042 2837 1140 2908 detes
1175 2859 1316 2906 necnon
1341 2836 1557 2907 Leudsbiles
1590 2859 1735 2907 consue·

345 2939 490 3010 tudines
516 2947 602 3029 oput
628 2939 779 3009 eundem
805 2940 1024 3025 Ecclesiam,
1057 2941 1208 3030 eiusque
1236 2959 1408 3029 personne
1435 2941 1619 3025 homines,
1653 2961 1733 3030 pos·

346 3041 535 3110 sessiones.
563 3049 600 3107 et
625 3041 738 3126 bons,
765 3043 937 3110 hactenus
963 3040 1173 3109 obseruatus
1199 3039 1237 3106 in
1263 3050 1359 3126 toto,
1397 3049 1434 3107 ct
1468 3042 1507 3114 in
1542 3049 1643 3129 porto
1679 3039 1731 3107 eui

254 3189 286 3212 „
347 3139 530 3230 quelibet,
555 3138 806 3225 Rstilicsmus,
832 3142 1067 3225 innousmus,
1093 3135 1349 3231 approbemus,
1377 3139 1483 3208 etde
1511 3137 1748 3232 plenitudine

349 3238 467 3328 Regis
499 3241 732 3329 presentibus
769 3240 1035 3316 confirmemus.
1083 3237 1286 3332 dictumque
1320 3238 1539 3327 Ecclesieoi,
1585 3251 1622 3308 et
1659 3241 1734 3308 eius

345 3334 586 3429 Episcopum,
613 3340 677 3432 qui
703 3363 796 3410 nunc
822 3352 896 3427 est,
935 3338 1058 3434 etqui
1094 3361 1161 3430 pro
1196 3351 1362 3431 tempore
1399 3339 1529 3429 suerit,
1571 3343 1733 3410 Vnscum

226 3489 230 3496 .
346 3438 515 3508 omnibus
540 3438 664 3525 bonis,
691 3441 917 3527 hominibus,
944 3451 979 3509 et
1005 3440 1294 3532 possessionibus
1321 3440 1414 3528 suis,
1448 3441 1486 3508 in
1512 3450 1734 3509 nostramet

345 3539 492 3630 lmpery
517 3541 611 3607 sscri
637 3541 791 3610 Romani
817 3541 1080 3634 protectionem
1107 3541 1321 3611 assumimus
1348 3542 1552 3632 specialem,
1580 3543 1732 3609 Vniuer-

345 3641 416 3723 sis,
444 3650 481 3709 et
506 3639 657 3733 singulis
684 3641 912 3734 Principibus
939 3639 1218 3727 Ecclesiasticis,
1245 3652 1281 3709 et
1308 3641 1559 3725 Seculeribus,
1586 3641 1731 3712 Comiti-

345 3743 425 3810 bus.
463 3737 656 3810 Nobilibus
695 3740 897 3812 Beronibus
934 3741 1169 3828 Proceribus,
1213 3741 1390 3811 Militibus
1434 3740 1655 3828 clientibus,
1696 3751 1731 3808 et

164 3937 168 3946 ,
203 3921 229 3938 ἱ,
341 3837 514 3910 fidelibus
548 3843 641 3910 socri
678 3841 839 3934 impery,
876 3841 1164 3934 quibuscumque
1198 3844 1383 3910 Vocentur
1416 3841 1622 3911 nominibus
1652 3855 1733 3932 ¹pre·

347 3939 527 4026 sentibus,
553 3950 591 4009 et
615 3941 764 4030 futuris,
798 3941 1055 4032 cuiuscumque
1082 3940 1280 4034 dignitatis«
1304 3952 1435 4028 status,
1468 3943 1528 4010 vel
1563 3937 1731 4017 conditio·

346 4041 403 4112 nis
431 4040 606 4129 existunt,
636 4041 882 4139 precipientes
914 4041 1088 4132 firmiter,
1123 4053 1161 4112 et
1193 4041 1355 4148 districte
1390 4049 1565 4134 quatenus
1589 4040 1731 4133 Episco·
