3870 4718
666 385 670 395 f
757 331 1020 424 Anthemius.

759 690 763 697 ’
797 711 988 822 DCVI.

503 949 596 1010 Anno
625 957 725 1012 12¹3.
754 957 805 1012 31.
831 943 921 1006 Julii.
948 944 1033 1028 opud
1058 941 1265 1006 Noninberc.

203 1141 446 1229 Fridericus
477 1139 529 1224 ll.
558 1165 638 1224 rex
666 1140 923 1231 monasterio
949 1107 1253 1224 Habilsbumin
1283 1133 1569 1249 (Heilsbroun)

202 1260 428 1377 praedium
458 1257 681 1342 inGerute'
710 1253 947 1356 confirmat,
978 1255 1097 1366 quod
1113 1253 1357 1340 Fridericus
1389 1251 1442 1338 de
1460 1253 1572 1340 Has.

260 1376 382 1482 lehc,
410 1371 693 1460 ministerialis
723 1397 852 1476 suus,
883 1369 995 1455 dicto
1024 1370 1281 1456 monasterio
1310 1369 1545 1477 vendidit„

200 1591 440 1718 Fredericus
467 1644 642 1714 secundus
670 1646 725 1715 dei
753 1608 868 1737 gratia
894 1611 1139 1716 Romanorum
1164 1647 1244 1716 Rex
1270 1656 1305 1715 et
1329 1667 1475 1739 semper
1510 1670 1568 1718 au·

199 1774 342 1854 gustus.
369 1772 405 1829 et
429 1763 509 1830 Rex
535 1761 700 1852 Syciliae.
727 1761 874 1830 Dilectis
895 1765 937 1831 'et
960 1763 1230 1832 venerabilibus
1253 1759 1426 1832 frutribus
1438 1763 1567 1832 Abbati

199 1864 341 1954 totique
368 1858 570 1929 Conuentui
596 1851 633 1929 in
660 1858 920 1931 hahilsburnin.
949 1865 1101 1954 gratiam
1129 1885 1229 1932 suarn
1256 1873 1292 1930 et
1310 1863 1568 1933 omnebonum

141 1968 145 1974 ’
200 1966 365 2061 volentes
391 1962 437 2029 ob
464 1960 559 2028 illius
586 1962 826 2030 reuerentiam
853 1962 915 2054 qui
940 1963 1223 2034 misericorditer
1247 1984 1315 2031 nos
1340 1965 1500 2054 respexit
1530 1975 1568 2032 et

200 2057 417 2132 miribiliter
450 2062 557 2128 etism
590 2057 784 2150 promouit.
819 2083 993 2150 personas
1027 2061 1227 2154 relligiosas
1263 2071 1299 2128 et
1330 2065 1410 2130 loca
1436 2061 1566 2132 diuinis

201 2162 402 2250 mancipate
437 2161 619 2251 obsequiis
655 2172 689 2230 et
725 2159 930 2251 specialiter
964 2161 1130 2231 dilectam
1163 2159 1269 2231 nobis
1295 2161 1567 2232 uniuersitatem

200 2271 357 2333 uestram
383 2271 627 2348 augmentare.
663 2258 814 2351 diligere
847 2281 989 2352 semper
1022 2273 1058 2330 et
1082 2283 1310 2354 promouere.
1338 2261 1504 2353 predium
1527 2261 1567 2330 in

203 2361 336 2428 Gerute
364 2370 399 2427 et
424 2362 462 2426 in
488 2359 566 2428 aliis
591 2361 682 2428 locis
709 2361 925 2454 ubicumque
952 2363 1184 2432 constitutum
1210 2362 1308 2454 quod
1323 2361 1427 2430 uobis
1444 2371 1479 2431 et
1491 2381 1565 2430 mo·

200 2453 359 2530 nasterio
384 2471 509 2528 uestro
535 2459 699 2529 uendidit
723 2483 791 2550 pro
818 2461 971 2552 quadam
998 2485 1136 2534 summa
1161 2461 1333 2554 pecuniae
1350 2461 1565 2531 Ministeria·

142 2617 146 2626 .
198 2562 244 2628 lis
268 2570 390 2630 noster
415 2559 629 2642 Fredericus
651 2560 695 2628 de
720 2561 866 2630 haslehe
892 2574 928 2631 et
956 2563 1011 2634 sui
1037 2563 1200 2634 heredes.
1227 2585 1294 2652 per
1318 2583 1463 2630 manum
1480 2561 1565 2631 fide·

132 2695 139 2712 ·
198 2661 243 2730 lis
268 2660 385 2727 nostri
409 2659 589 2749 Ramungi
616 2660 659 2727 de
688 2660 1078 2756 Swabahetamquam
1111 2685 1179 2754 per
1208 2683 1353 2730 manuni
1381 2663 1565 2728 Salmanni

199 2757 431 2827 monasterio·
448 2767 573 2824 uestro
599 2767 634 2824 et
659 2757 763 2824 uobis
789 2772 967 2846 perpetuo
999 2763 1196 2828 tenendum
1229 2760 1502 2825 transmisimus.
1529 2769 1565 2847 et

198 2879 268 2949 pro
304 2855 464 2923 remedio
500 2855 639 2921 animae
671 2853 879 2922 nostrae'in
906 2853 1106 2922 subsidium
1130 2856 1398 2922 sustentationis
1423 2858 1563 2921 uestrae

199 2959 375 3026 donamus
400 2964 435 3023 et
460 2953 645 3047 largimur.
672 2952 785 3042 ipsius
810 2951 1053 3022 ministerialis
1079 2951 1194 3022 nostri
1218 2950 1452 3020 etheredum
1485 2972 1565 3021 suo·
1616 2995 1631 3010 .

198 3079 279 3126 rum
303 3043 550 3124 uenditionem
576 3062 716 3143 grutam
741 3053 914 3120 habentes
939 3063 975 3122 et
1000 3063 1114 3122 ratam
1137 3061 1173 3120 et
1196 3049 1342 3120 'easdem
1368 3051 1563 3142 possessio·

197 3179 263 3226 nes
285 3155 400 3223 uobis
434 3154 697 3224 confirmantes.
763 3151 973 3223 Mandemus
1006 3149 1120 3244 igitur
1153 3163 1191 3223 et
1214 3151 1282 3220 sub
1307 3172 1402 3241 pena
1423 3153 1587 3243 gratias·
1631 3147 1640 3163 '
1676 3147 1681 3155 ’

195 3265 345 3325 nostrae
369 3251 523 3320 firmiter
547 3251 777 3344 precipimus.
802 3251 844 3322 u‘t
867 3274 934 3322 nec
956 3251 1402 3331 memoratusFrsdericns
1425 3274 1492 3322 nec
1507 3251 1560 3346 ip·

195 3357 270 3426 sius
295 3351 458 3421 heredes.
487 3340 584 3422 nulla
609 3373 755 3444 quoque
780 3353 850 3420 elia
874 3373 1030 3443 persona
1053 3373 1118 3422 vos
1141 3353 1181 3420 in
1208 3351 1314 3420 isonis
1340 3348 1562 3446 illisinquie·
1600 3395 1609 3420 ι

129 3441 147 3464 ’
196 3467 273 3524 tare
306 3461 512 3543 praesumat
547 3461 607 3520 aut
638 3450 833 3543 dampnum
865 3451 971 3520 uobis
1003 3451 1178 3543 irrogare.
1211 3449 1308 3542 quod
1334 3451 1397 3542 qui
1422 3451 1559 3525 fecerit.

197 3549 426 3625 sublimitatis
451 3562 595 3622 nostres
622 3549 793 3620 offensam
819 3559 854 3618 et
880 3571 1028 3641 panem
1053 3551 1146 3620 iram
1171 3571 1209 3620 se
1235 3551 1380 3620 nouerit
1398 3547 1561 3622 incursu·
1650 3571 1654 3578 “
1757 3559 1767 3568 “

195 3675 287 3722 rum.
339 3655 462 3721 Testes
486 3672 575 3720 uero
601 3651 707 3720 huius
733 3651 787 3719 rei
813 3659 904 3719 sunt.
956 3651 1141 3721 conradus
1167 3649 1341 3740 spirensis
1365 3659 1403 3720 et
1426 3649 1561 3722 Meten-

194 3755 244 3826 sis
269 3751 469 3843 episcopus.
519 3743 717 3842 Imperialis
744 3750 845 3820 sulae
872 3751 1128 3822 Cancellarius.
1179 3750 1364 3820 Corradus
1377 3749 1560 3839 Spirensis

196 3841 393 3924 aecclesiae
416 3851 532 3920 maior
555 3849 792 3941 praepositus.
844 3845 1034 3920 Heinricus
1059 3852 1275 3920 merscslcus
1300 3849 1344 3918 de
1367 3848 1559 3917 llallindin.

192 3954 291 4022 Erbo
318 3951 536 4022 camerarius
562 3951 606 4019 de
631 3953 736 4018 lutrs.
786 3947 978 4020 Heinricus
1001 3950 1047 4020 de
1073 3949 1272 4020 Rotinbvrc
1305 3948 1476 4039 magister
1499 3966 1558 4013 eo·

195 4053 327 4148 quinae
352 4047 474 4122 etalii
499 4052 763 4143 quamplures.

243 4175 309 4224 101.
323 4173 389 4222 nore
404 4174 459 4222 vn.
472 4173 536 4218 m.
553 4186 594 4218 m
608 4170 754 4218 onmis-r·
769 4180 842 4218 nro
858 4165 903 4212 nr.
1043 4162 1049 4168 ·
1328 4155 1351 4222 3
