3870 4718
418 339 477 426 48
510 331 513 340 ’
802 331 1048 447 Diplomata
1075 328 1390 450 Imperatorum
1446 446 1448 456 Ι

418 569 499 637 aule
525 563 768 637 cancellariae
793 566 880 635 Uice
906 567 1043 636 domini
1067 567 1200 646 Silriali.
1225 527 1431 660 moguntini
1455 559 1730 662 lr’ouiepiroopi
1747 580 1785 639 et
1912 645 1915 650 ,

418 667 530 736 totius
556 664 751 766 Germania
773 667 1099 744 Archiconcellara'i.
1128 671 1338 766 recoguoui.
1376 697 1405 734 a

428 902 432 912 .
514 853 605 921 Acta
627 849 924 940 suntllorbipoli
948 854 1048 922 haec.
1074 855 1176 922 Anno
1203 850 1248 920 ab
1261 851 1509 920 lucamalione
1534 849 1678 920 domini
1704 851 1785 922 Mil·

417 943 545 1018 lesimo
572 948 816 1019 ducentesimo
843 949 929 1018 XVI.
983 950 1171 1041 Regnanta
1196 950 1459 1041 gloriosissimo
1491 949 1638 1019 domino
1665 949 1786 1022 Frida·

418 1048 508 1117 rico.
535 1048 594 1117 dai
618 1049 735 1138 mutia
760 1049 918 1118 secundo
943 1050 1190 1120 Romanorum
1215 1049 1315 1139 Rege
1341 1060 1377 1118 et
1401 1050 1730 1140 rempernnguuo.
1748 1059 1786 1118 et

418 1148 544 1216 inclito
570 1147 670 1239 Rege
695 1147 852 1216 Siciliae.
902 1133 1007 1220 ilnuo
1040 1150 1194 1220 Romani
1224 1148 1344 1240 Regni
1375 1150 1455 1220 eius
1487 1157 1627 1241 quarto
1661 1146 1782 1218 Sicilia

376 1291 379 1298 -
418 1267 507 1316 uero
527 1247 670 1318 XVssl0.
696 1246 861 1317 feliciter.
1689 1287 1692 1294 ·

516 1401 650 1469 Datum
675 1422 743 1492 per
766 1423 892 1471 manus
917 1397 1079 1469 Bertoldi
1105 1397 1150 1468 de
1174 1400 1293 1469 niffen.
1318 1400 1463 1490 Regalis
1489 1403 1570 1470 aula
1590 1399 1785 1488 prothono-

417 1497 511 1568 larii.
537 1501 642 1569 Anno
666 1511 892 1592 praenotato.
916 1501 999 1571 idua
1027 1495 1182 1585 (idibus)
1208 1501 1308 1570 Maii.
1335 1497 1459 1569 lndiot.
1486 1510 1647 1592 quartae.

482 1701 515 1776 a)
541 1696 717 1784 Sigillum,
751 1699 834 1782 quod
860 1697 1076 1780 appendebat,
1109 1697 1221 1779 periit,
1259 1716 1442 1762 remansero
1466 1707 1572 1760 aulem
1600 1693 1657 1756 fila
1682 1695 1784 1757 seric'a

538 1797 628 1858 rubri
654 1809 685 1860 ot
705 1797 817 1864 viridia
843 1799 977 1872 coloris,
1010 1795 1218 1888 membranae
1250 1795 1387 1860 inferius
1421 1797 1626 1877 complicatas
1651 1787 1780 1857 innexa.

481 1947 515 2027 b)
531 1945 642 2014 -Notaa
670 1951 913 2041 chronologicae
939 1971 1050 2016 omnes
1076 1951 1162 2018 inter
1186 1971 1221 2016 se
1248 1951 1454 2016 conveniunt.

486 2107 523 2182 o),
539 2103 701 2170 Inscitum
728 2107 871 2189 quidem
898 2118 1039 2170 attamen
1065 2106 1105 2169 ab
1130 2107 1194 2168 alio
1219 2105 1416 2189 exemplari,
1444 2106 1528 2189 qnod
1550 2103 1781 2167 monasterium

539 2203 688 2292 superius
714 2207 908 2288 Ratisponae
934 2207 1089 2284 obtinuit,
1113 2207 1170 2270 vix
1197 2216 1228 2270 el
1251 2207 1385 2269 nonnisi
1408 2205 1443 2266 in
1470 2203 1628 2287 aliquibus
1648 2204 1783 2265 vocabu·

412 2369 418 2382 .
539 2299 582 2364 lis
608 2301 776 2382 differens,
804 2308 842 2369 de
868 2325 928 2391 qua
954 2303 1135 2372 differentia
1158 2306 1195 2371 in
1220 2305 1406 2372 recensione
1431 2305 1561 2368 alterius
1595 2303 1782 2386 exemplaris

540 2397 634 2482 plura
660 2403 742 2470 dicta
766 2413 851 2470 ebul.

964 2633 1239 2804 Dcxxn.

705 2929 799 3029 anno
831 2899 925 2995 roro.
966 2937 1030 2994 ιι.
1057 2924 1151 2990 Mais.
1204 2891 1289 3018 apua
1313 2923 1489 3006 Horonon.

369 3100 372 3106 ’
415 3099 742 3188 Fridericusll.
772 3100 1093 3231 concambium,
1129 3123 1229 3216 cum
1253 3098 1459 3230 episcopo
1487 3097 1785 3212 Ratispouensi

416 3215 471 3302 de
499 3216 694 3306 inferiori
722 3234 766 3302 et
794 3213 1006 3329 superiori
1034 3205 1300 3299 monasteriis
1331 3214 1374 3298 in
1405 3214 1571 3300 civitate
1589 3216 1783 3330 Ratiapo·

416 3334 538 3421 nensi
568 3334 741 3439 initum,
770 3347 989 3432 retractat,
1016 3349 1060 3415 et
1089 3329 1332 3445 principum
1359 3330 1582 3469 Herbipoli
1598 3361 1785 3467 congre·

368 3461 370 3468 '
489 3471 687 3564 gaiorum
716 3449 989 3553 senteutiam,
1020 3446 1074 3533 de
1103 3476 1190 3533 non
1219 3447 1447 3564 alienandis
1472 3449 1711 3565 principati·

837 3565 918 3651 bus
949 3566 1091 3682 regni,
1121 3561 1377 3652 confirmat.

420 3767 666 3906 (Obricmcn.)
706 3760 765 3892 In
787 3821 944 3891 nomine.
973 3833 1106 3892 sancte.
1133 3768 1399 3892 eliniiiuidue.
1436 3819 1630 3889 Trinitatis.
1664 3818 1785 3888 Fride·
1875 3848 1879 3858 ’

415 3933 522 4001 ricus
550 3935 738 4007 secundae.
763 3936 835 4007 dei.
861 3939 989 4028 gratia.
1015 3938 1271 4006 Romanorum.
1293 3939 1385 4006 Rex
1412 3945 1459 4005 at
1475 3957 1629 4026 semper.
1646 3938 1812 4026 Augus,

416 4043 475 4102 tus
499 4033 660 4126 Rexque.
686 4035 827 4130 Sycilie.
865 4038 957 4108 Cum
982 4035 1028 4105 ad
1053 4057 1241 4117 summam
1254 4033 1458 4106 instantiam
1483 4055 1632 4127 precum
1658 4031 1784 4104 dilecti

1608 4131 1784 4225 principia
