<?xml version="1.0" encoding="UTF-8"?>
<!DOCTYPE html PUBLIC "-//W3C//DTD XHTML 1.0 Transitional//EN"
    "http://www.w3.org/TR/xhtml1/DTD/xhtml1-transitional.dtd">
<html xmlns="http://www.w3.org/1999/xhtml" xml:lang="en" lang="en">
 <head>
  <title>
</title>
<meta http-equiv="Content-Type" content="text/html;charset=utf-8" />
  <meta name='ocr-system' content='tesseract 3.04.00' />
  <meta name='ocr-capabilities' content='ocr_page ocr_carea ocr_par ocr_line ocrx_word'/>
</head>
<body>
  <div class='ocr_page' id='page_1' title='image "./monumentaboicae22landgoog_0124.png"; bbox 0 0 3804 4718; ppageno 0'>
   <div class='ocr_carea' id='block_1_1' title="bbox 422 313 1399 458">
    <p class='ocr_par' dir='ltr' id='par_1_1' title="bbox 422 313 1399 458">
     <span class='ocr_line' id='line_1_1' title="bbox 422 313 1399 458; baseline -0.004 -28"><span class='ocrx_word' id='word_1_1' title='bbox 422 327 509 430; x_wconf 78' lang='lat'>116</span> <span class='ocrx_word' id='word_1_2' title='bbox 815 339 1059 458; x_wconf 85' lang='lat' dir='ltr'>Diplomate</span> <span class='ocrx_word' id='word_1_3' title='bbox 1087 313 1399 455; x_wconf 78' lang='lat' dir='ltr'>Imperatorum</span> 
     </span>
    </p>
   </div>
   <div class='ocr_carea' id='block_1_2' title="bbox 317 563 1867 2563">
    <p class='ocr_par' dir='ltr' id='par_1_2' title="bbox 317 563 1844 1078">
     <span class='ocr_line' id='line_1_2' title="bbox 422 563 1788 670; baseline 0.004 -24"><span class='ocrx_word' id='word_1_4' title='bbox 422 593 509 646; x_wconf 85' lang='lat' dir='ltr'>sam.</span> <span class='ocrx_word' id='word_1_5' title='bbox 536 593 602 646; x_wconf 81' lang='lat' dir='ltr'>noe</span> <span class='ocrx_word' id='word_1_6' title='bbox 628 575 794 647; x_wconf 83' lang='lat' dir='ltr'>similiter</span> <span class='ocrx_word' id='word_1_7' title='bbox 817 570 905 667; x_wconf 85' lang='lat' dir='ltr'>ipsis</span> <span class='ocrx_word' id='word_1_8' title='bbox 928 599 1001 646; x_wconf 86' lang='lat' dir='ltr'>una</span> <span class='ocrx_word' id='word_1_9' title='bbox 1026 563 1109 648; x_wconf 82' lang='lat' dir='ltr'>eum</span> <span class='ocrx_word' id='word_1_10' title='bbox 1129 577 1307 648; x_wconf 79' lang='lat' dir='ltr'>&#39;attinente</span> <span class='ocrx_word' id='word_1_11' title='bbox 1340 576 1531 668; x_wconf 71' lang='lat' dir='ltr'><strong>parrochia</strong></span> <span class='ocrx_word' id='word_1_12' title='bbox 1564 599 1632 670; x_wconf 86' lang='lat' dir='ltr'>per</span> <span class='ocrx_word' id='word_1_13' title='bbox 1666 585 1788 652; x_wconf 85' lang='lat' dir='ltr'>omnia</span> 
     </span>
     <span class='ocr_line' id='line_1_3' title="bbox 423 675 1844 770; baseline 0.007 -27"><span class='ocrx_word' id='word_1_14' title='bbox 423 675 688 748; x_wconf 79' lang='lat' dir='ltr'>confirmamus.</span> <span class='ocrx_word' id='word_1_15' title='bbox 712 681 875 747; x_wconf 84' lang='lat' dir='ltr'>uolentes</span> <span class='ocrx_word' id='word_1_16' title='bbox 899 687 940 746; x_wconf 90' lang='lat' dir='ltr'>ut</span> <span class='ocrx_word' id='word_1_17' title='bbox 964 690 1036 746; x_wconf 86' lang='lat' dir='ltr'>tam</span> <span class='ocrx_word' id='word_1_18' title='bbox 1063 677 1192 768; x_wconf 81' lang='lat' dir='ltr'>prefati</span> <span class='ocrx_word' id='word_1_19' title='bbox 1219 679 1320 747; x_wconf 83' lang='lat' dir='ltr'>dunis</span> <span class='ocrx_word' id='word_1_20' title='bbox 1340 677 1485 747; x_wconf 87' lang='lat' dir='ltr'>donatio</span> <span class='ocrx_word' id='word_1_21' title='bbox 1504 701 1611 770; x_wconf 88' lang='lat' dir='ltr'>quam</span> <span class='ocrx_word' id='word_1_22' title='bbox 1627 682 1787 752; x_wconf 79' lang='lat' dir='ltr'>felicium</span> <span class='ocrx_word' id='word_1_23' title='bbox 1839 713 1844 718; x_wconf 92' lang='lat'>·</span> 
     </span>
     <span class='ocr_line' id='line_1_4' title="bbox 391 778 1788 894; baseline 0.005 -51"><span class='ocrx_word' id='word_1_24' title='bbox 391 779 684 866; x_wconf 36' lang='lat' dir='ltr'>*Imperatorum</span> <span class='ocrx_word' id='word_1_25' title='bbox 710 778 945 850; x_wconf 83' lang='lat' dir='ltr'>confirmatio.</span> <span class='ocrx_word' id='word_1_26' title='bbox 964 797 1054 848; x_wconf 77' lang='lat' dir='ltr'>enm</span> <span class='ocrx_word' id='word_1_27' title='bbox 1079 789 1232 894; x_wconf 80' lang='lat' dir='ltr'>utraqpe</span> <span class='ocrx_word' id='word_1_28' title='bbox 1257 780 1352 847; x_wconf 87' lang='lat' dir='ltr'>iusta</span> <span class='ocrx_word' id='word_1_29' title='bbox 1376 779 1424 847; x_wconf 88' lang='lat' dir='ltr'>sit</span> <span class='ocrx_word' id='word_1_30' title='bbox 1449 801 1489 846; x_wconf 87' lang='lat' dir='ltr'>ae</span> <span class='ocrx_word' id='word_1_31' title='bbox 1521 780 1693 872; x_wconf 85' lang='lat' dir='ltr'>legitima.</span> <span class='ocrx_word' id='word_1_32' title='bbox 1728 785 1788 850; x_wconf 86' lang='lat' dir='ltr'>fir·</span> 
     </span>
     <span class='ocr_line' id='line_1_5' title="bbox 419 877 1789 972; baseline 0.006 -28"><span class='ocrx_word' id='word_1_33' title='bbox 419 877 554 946; x_wconf 86' lang='lat' dir='ltr'>mitatie</span> <span class='ocrx_word' id='word_1_34' title='bbox 580 885 754 967; x_wconf 80' lang='lat' dir='ltr'>perpetue</span> <span class='ocrx_word' id='word_1_35' title='bbox 779 878 893 948; x_wconf 89' lang='lat' dir='ltr'>robur</span> <span class='ocrx_word' id='word_1_36' title='bbox 918 878 1081 946; x_wconf 88' lang='lat' dir='ltr'>obtineat</span> <span class='ocrx_word' id='word_1_37' title='bbox 1106 887 1142 946; x_wconf 85' lang='lat' dir='ltr'>et</span> <span class='ocrx_word' id='word_1_38' title='bbox 1165 877 1341 969; x_wconf 80' lang='lat' dir='ltr'>uigorem.</span> <span class='ocrx_word' id='word_1_39' title='bbox 1393 879 1563 948; x_wconf 81' lang='lat' dir='ltr'>Preterea</span> <span class='ocrx_word' id='word_1_40' title='bbox 1587 882 1647 970; x_wconf 91' lang='lat' dir='ltr'>pie</span> <span class='ocrx_word' id='word_1_41' title='bbox 1681 883 1789 972; x_wconf 84' lang='lat' dir='ltr'>pr&#39;ofi-</span> 
     </span>
     <span class='ocr_line' id='line_1_6' title="bbox 317 975 1788 1092; baseline 0.005 -49"><span class='ocrx_word' id='word_1_42' title='bbox 317 1037 322 1047; x_wconf 81' lang='lat'><strong>.</strong></span> <span class='ocrx_word' id='word_1_43' title='bbox 418 986 538 1048; x_wconf 73' lang='lat' dir='ltr'>temne</span> <span class='ocrx_word' id='word_1_44' title='bbox 563 985 677 1046; x_wconf 89' lang='lat' dir='ltr'>totum</span> <span class='ocrx_word' id='word_1_45' title='bbox 701 978 866 1066; x_wconf 78' lang='lat' dir='ltr'>predium</span> <span class='ocrx_word' id='word_1_46' title='bbox 893 977 1114 1047; x_wconf 84' lang='lat' dir='ltr'>antedictum</span> <span class='ocrx_word' id='word_1_47' title='bbox 1140 999 1221 1078; x_wconf 80' lang='lat' dir='ltr'>cum</span> <span class='ocrx_word' id='word_1_48' title='bbox 1247 975 1439 1092; x_wconf 84' lang='lat' dir='ltr'>parrochia</span> <span class='ocrx_word' id='word_1_49' title='bbox 1456 978 1595 1050; x_wconf 79' lang='lat' dir='ltr'>dilectis</span> <span class='ocrx_word' id='word_1_50' title='bbox 1614 980 1788 1051; x_wconf 72' lang='lat' dir='ltr'>fratribus</span> 
     </span>
    </p>

    <p class='ocr_par' dir='ltr' id='par_1_3' title="bbox 328 1066 1867 2563">
     <span class='ocr_line' id='line_1_7' title="bbox 392 1066 1787 1169; baseline 0.005 -26"><span class='ocrx_word' id='word_1_51' title='bbox 392 1070 551 1144; x_wconf 81' lang='lat' dir='ltr'>&#39;nostris</span> <span class='ocrx_word' id='word_1_52' title='bbox 577 1075 843 1146; x_wconf 86' lang='lat' dir='ltr'>Ebraeensibus</span> <span class='ocrx_word' id='word_1_53' title='bbox 869 1097 935 1146; x_wconf 87' lang='lat' dir='ltr'>nos</span> <span class='ocrx_word' id='word_1_54' title='bbox 960 1079 1054 1146; x_wconf 90' lang='lat' dir='ltr'>uelle</span> <span class='ocrx_word' id='word_1_55' title='bbox 1081 1077 1185 1146; x_wconf 89' lang='lat' dir='ltr'>tueri</span> <span class='ocrx_word' id='word_1_56' title='bbox 1210 1066 1329 1169; x_wconf 81' lang='lat' dir='ltr'>¹neque</span> <span class='ocrx_word' id='word_1_57' title='bbox 1353 1077 1465 1145; x_wconf 83' lang='lat' dir='ltr'>alium</span> <span class='ocrx_word' id='word_1_58' title='bbox 1496 1077 1548 1146; x_wconf 85' lang='lat' dir='ltr'>eis</span> <span class='ocrx_word' id='word_1_59' title='bbox 1580 1085 1618 1148; x_wconf 88' lang='grc' dir='ltr'>ιἰι</span> <span class='ocrx_word' id='word_1_60' title='bbox 1651 1081 1787 1150; x_wconf 83' lang='lat' dir='ltr'>eisdem</span> 
     </span>
     <span class='ocr_line' id='line_1_8' title="bbox 418 1176 1848 1270; baseline 0.006 -28"><span class='ocrx_word' id='word_1_61' title='bbox 418 1177 524 1243; x_wconf 84' lang='lat' dir='ltr'>bonis</span> <span class='ocrx_word' id='word_1_62' title='bbox 551 1197 628 1243; x_wconf 84' lang='lat' dir='ltr'>esse</span> <span class='ocrx_word' id='word_1_63' title='bbox 654 1177 822 1246; x_wconf 82' lang='lat' dir='ltr'>uolumus</span> <span class='ocrx_word' id='word_1_64' title='bbox 848 1176 1072 1246; x_wconf 88' lang='lat' dir='ltr'>aduoeatnm.</span> <span class='ocrx_word' id='word_1_65' title='bbox 1098 1198 1206 1270; x_wconf 88' lang='lat' dir='ltr'>quam</span> <span class='ocrx_word' id='word_1_66' title='bbox 1224 1178 1378 1270; x_wconf 79' lang='lat' dir='ltr'>Romani</span> <span class='ocrx_word' id='word_1_67' title='bbox 1404 1179 1536 1267; x_wconf 76' lang='lat' dir='ltr'>sceptri</span> <span class='ocrx_word' id='word_1_68' title='bbox 1551 1180 1786 1252; x_wconf 76' lang='lat' dir='ltr'>maiestatem</span> <span class='ocrx_word' id='word_1_69' title='bbox 1844 1223 1848 1233; x_wconf 51' lang='grc' dir='ltr'><strong>ι</strong></span> 
     </span>
     <span class='ocr_line' id='line_1_9' title="bbox 420 1251 1822 1368; baseline 0.004 -24"><span class='ocrx_word' id='word_1_70' title='bbox 420 1284 482 1344; x_wconf 86' lang='lat' dir='ltr'>aut</span> <span class='ocrx_word' id='word_1_71' title='bbox 516 1297 625 1367; x_wconf 87' lang='lat' dir='ltr'>quem</span> <span class='ocrx_word' id='word_1_72' title='bbox 657 1275 728 1366; x_wconf 77' lang='lat' dir='ltr'>ipsi</span> <span class='ocrx_word' id='word_1_73' title='bbox 757 1251 888 1350; x_wconf 73' lang='lat' dir='ltr'>tratres</span> <span class='ocrx_word' id='word_1_74' title='bbox 914 1277 1013 1368; x_wconf 83' lang='lat' dir='ltr'>pacis</span> <span class='ocrx_word' id='word_1_75' title='bbox 1039 1297 1103 1344; x_wconf 86' lang='lat' dir='ltr'>sue</span> <span class='ocrx_word' id='word_1_76' title='bbox 1128 1277 1380 1345; x_wconf 83' lang='lat' dir='ltr'>constituerint</span> <span class='ocrx_word' id='word_1_77' title='bbox 1404 1277 1644 1366; x_wconf 86' lang='lat' dir='ltr'>prouisorem.</span> <span class='ocrx_word' id='word_1_78' title='bbox 1707 1281 1790 1349; x_wconf 89' lang='lat' dir='ltr'>Om·</span> <span class='ocrx_word' id='word_1_79' title='bbox 1819 1317 1822 1324; x_wconf 93' lang='lat'>·</span> 
     </span>
     <span class='ocr_line' id='line_1_10' title="bbox 419 1376 1790 1472; baseline 0.004 -30"><span class='ocrx_word' id='word_1_80' title='bbox 419 1396 502 1444; x_wconf 89' lang='lat' dir='ltr'>nem</span> <span class='ocrx_word' id='word_1_81' title='bbox 529 1396 674 1468; x_wconf 87' lang='lat' dir='ltr'>quoque</span> <span class='ocrx_word' id='word_1_82' title='bbox 700 1377 927 1446; x_wconf 74' lang='lat' dir='ltr'>exactionem</span> <span class='ocrx_word' id='word_1_83' title='bbox 953 1387 989 1446; x_wconf 88' lang='lat' dir='ltr'>et</span> <span class='ocrx_word' id='word_1_84' title='bbox 1015 1398 1132 1446; x_wconf 85' lang='lat' dir='ltr'>annue</span> <span class='ocrx_word' id='word_1_85' title='bbox 1158 1376 1341 1466; x_wconf 82' lang='lat' dir='ltr'>pensionis</span> <span class='ocrx_word' id='word_1_86' title='bbox 1366 1378 1566 1444; x_wconf 85' lang='lat' dir='ltr'>molestiam</span> <span class='ocrx_word' id='word_1_87' title='bbox 1593 1400 1657 1448; x_wconf 86' lang='lat' dir='ltr'>eeu</span> <span class='ocrx_word' id='word_1_88' title='bbox 1691 1382 1790 1472; x_wconf 87' lang='lat' dir='ltr'>quie·</span> 
     </span>
     <span class='ocr_line' id='line_1_11' title="bbox 418 1473 1788 1572; baseline 0.001 -26"><span class='ocrx_word' id='word_1_89' title='bbox 418 1473 507 1567; x_wconf 79' lang='lat' dir='ltr'>quid</span> <span class='ocrx_word' id='word_1_90' title='bbox 532 1496 660 1543; x_wconf 87' lang='lat' dir='ltr'>eorum</span> <span class='ocrx_word' id='word_1_91' title='bbox 685 1477 798 1568; x_wconf 84' lang='lat' dir='ltr'>quieti</span> <span class='ocrx_word' id='word_1_92' title='bbox 823 1476 1072 1567; x_wconf 87' lang='lat' dir='ltr'>importunum</span> <span class='ocrx_word' id='word_1_93' title='bbox 1098 1494 1175 1544; x_wconf 83' lang='lat' dir='ltr'>esse</span> <span class='ocrx_word' id='word_1_94' title='bbox 1189 1475 1372 1566; x_wconf 87' lang='lat' dir='ltr'>potuerit.</span> <span class='ocrx_word' id='word_1_95' title='bbox 1408 1488 1483 1545; x_wconf 89' lang='lat' dir='ltr'>tam</span> <span class='ocrx_word' id='word_1_96' title='bbox 1513 1475 1560 1544; x_wconf 88' lang='lat' dir='ltr'>ab</span> <span class='ocrx_word' id='word_1_97' title='bbox 1594 1477 1646 1550; x_wconf 88' lang='lat' dir='ltr'>eis</span> <span class='ocrx_word' id='word_1_98' title='bbox 1678 1501 1788 1572; x_wconf 86' lang='lat' dir='ltr'>qnam</span> 
     </span>
     <span class='ocr_line' id='line_1_12' title="bbox 418 1574 1789 1693; baseline 0.007 -53"><span class='ocrx_word' id='word_1_99' title='bbox 418 1596 441 1640; x_wconf 83' lang='lat' dir='ltr'>a</span> <span class='ocrx_word' id='word_1_100' title='bbox 473 1574 610 1642; x_wconf 77' lang='lat' dir='ltr'>colonie</span> <span class='ocrx_word' id='word_1_101' title='bbox 643 1595 770 1692; x_wconf 77' lang='lat' dir='ltr'>eprum</span> <span class='ocrx_word' id='word_1_102' title='bbox 803 1577 1018 1645; x_wconf 71' lang='lat' dir='ltr'>auctoritate</span> <span class='ocrx_word' id='word_1_103' title='bbox 1049 1575 1150 1674; x_wconf 82' lang='lat' dir='ltr'>regia</span> <span class='ocrx_word' id='word_1_104' title='bbox 1183 1585 1359 1693; x_wconf 88' lang='lat' dir='ltr'>perpetuo</span> <span class='ocrx_word' id='word_1_105' title='bbox 1384 1595 1625 1646; x_wconf 84' lang='lat' dir='ltr'>remonemus</span> <span class='ocrx_word' id='word_1_106' title='bbox 1662 1589 1789 1650; x_wconf 85' lang='lat' dir='ltr'>omnes</span> 
     </span>
     <span class='ocr_line' id='line_1_13' title="bbox 419 1665 1789 1789; baseline 0.001 -43"><span class='ocrx_word' id='word_1_107' title='bbox 419 1693 546 1746; x_wconf 82' lang='lat' dir='ltr'>eorum</span> <span class='ocrx_word' id='word_1_108' title='bbox 571 1665 721 1742; x_wconf 86' lang='lat' dir='ltr'>iniuriae</span> <span class='ocrx_word' id='word_1_109' title='bbox 747 1674 856 1765; x_wconf 80' lang='lat' dir='ltr'>digne</span> <span class='ocrx_word' id='word_1_110' title='bbox 879 1677 1043 1742; x_wconf 86' lang='lat' dir='ltr'>uolentes</span> <span class='ocrx_word' id='word_1_111' title='bbox 1061 1675 1240 1789; x_wconf 79' lang='lat' dir='ltr'>prosequi</span> <span class='ocrx_word' id='word_1_112' title='bbox 1265 1676 1422 1744; x_wconf 89' lang='lat' dir='ltr'>ultione.</span> <span class='ocrx_word' id='word_1_113' title='bbox 1463 1677 1518 1744; x_wconf 79' lang='lat' dir='ltr'>A&#39;d</span> <span class='ocrx_word' id='word_1_114' title='bbox 1542 1678 1648 1746; x_wconf 87' lang='lat' dir='ltr'>huius</span> <span class='ocrx_word' id='word_1_115' title='bbox 1679 1683 1789 1748; x_wconf 85' lang='lat' dir='ltr'>etiam</span> 
     </span>
     <span class='ocr_line' id='line_1_14' title="bbox 418 1772 1789 1870; baseline 0.006 -31"><span class='ocrx_word' id='word_1_116' title='bbox 418 1773 472 1841; x_wconf 88' lang='lat' dir='ltr'>rei</span> <span class='ocrx_word' id='word_1_117' title='bbox 499 1782 634 1841; x_wconf 84' lang='lat' dir='ltr'>certam</span> <span class='ocrx_word' id='word_1_118' title='bbox 660 1773 878 1842; x_wconf 88' lang='lat' dir='ltr'>euidentiam</span> <span class='ocrx_word' id='word_1_119' title='bbox 902 1783 1106 1864; x_wconf 81' lang='lat' dir='ltr'>presentem</span> <span class='ocrx_word' id='word_1_120' title='bbox 1132 1772 1301 1865; x_wconf 80' lang='lat' dir='ltr'>paginam</span> <span class='ocrx_word' id='word_1_121' title='bbox 1327 1773 1457 1843; x_wconf 85' lang='lat' dir='ltr'>exinde</span> <span class='ocrx_word' id='word_1_122' title='bbox 1483 1779 1723 1870; x_wconf 83' lang='lat' dir='ltr'>conscriptam</span> <span class='ocrx_word' id='word_1_123' title='bbox 1744 1781 1789 1847; x_wconf 86' lang='lat' dir='ltr'>ei·</span> 
     </span>
     <span class='ocr_line' id='line_1_15' title="bbox 419 1871 1811 1972; baseline 0.007 -34"><span class='ocrx_word' id='word_1_124' title='bbox 419 1871 509 1963; x_wconf 82' lang='lat' dir='ltr'>gilio</span> <span class='ocrx_word' id='word_1_125' title='bbox 536 1883 659 1942; x_wconf 85' lang='lat' dir='ltr'>nostro</span> <span class='ocrx_word' id='word_1_126' title='bbox 683 1873 835 1944; x_wconf 74' lang='lat' dir='ltr'>fecimus</span> <span class='ocrx_word' id='word_1_127' title='bbox 861 1873 1091 1942; x_wconf 77' lang='lat' dir='ltr'>communiri.</span> <span class='ocrx_word' id='word_1_128' title='bbox 1131 1875 1255 1944; x_wconf 79' lang='lat' dir='ltr'>Testes</span> <span class='ocrx_word' id='word_1_129' title='bbox 1280 1875 1336 1942; x_wconf 90' lang='lat' dir='ltr'>bii</span> <span class='ocrx_word' id='word_1_130' title='bbox 1361 1885 1454 1943; x_wconf 86' lang='lat' dir='ltr'>sunt.</span> <span class='ocrx_word' id='word_1_131' title='bbox 1480 1875 1514 1942; x_wconf 86' lang='lat' dir='ltr'>S.</span> <span class='ocrx_word' id='word_1_132' title='bbox 1541 1875 1788 1972; x_wconf 79' lang='lat' dir='ltr'>Magantinus</span> <span class='ocrx_word' id='word_1_133' title='bbox 1809 1884 1811 1888; x_wconf 82' lang='lat'>&#39;</span> 
     </span>
     <span class='ocr_line' id='line_1_16' title="bbox 420 1972 1790 2066; baseline 0.006 -28"><span class='ocrx_word' id='word_1_134' title='bbox 420 1975 460 2040; x_wconf 84' lang='lat' dir='ltr'><strong>E</strong></span> <span class='ocrx_word' id='word_1_135' title='bbox 476 1972 702 2042; x_wconf 74' lang='lat' dir='ltr'>colomensis</span> <span class='ocrx_word' id='word_1_136' title='bbox 720 1972 934 2048; x_wconf 74' lang='lat' dir='ltr'>venerabilis</span> <span class='ocrx_word' id='word_1_137' title='bbox 948 1973 1221 2064; x_wconf 77' lang='lat' dir='ltr'>arehiepreeopr</span> <span class='ocrx_word' id='word_1_138' title='bbox 1256 1973 1299 2043; x_wconf 91' lang='grc' dir='ltr'><strong>Ο</strong></span> <span class='ocrx_word' id='word_1_139' title='bbox 1315 1975 1633 2066; x_wconf 66' lang='lat' dir='ltr'>wirzeburgensis</span> <span class='ocrx_word' id='word_1_140' title='bbox 1661 1976 1790 2046; x_wconf 81' lang='lat' dir='ltr'>Nnen</span> 
     </span>
     <span class='ocr_line' id='line_1_17' title="bbox 420 2069 1789 2170; baseline 0.006 -32"><span class='ocrx_word' id='word_1_141' title='bbox 420 2069 622 2170; x_wconf 83' lang='lat' dir='ltr'>burgensis.</span> <span class='ocrx_word' id='word_1_142' title='bbox 660 2073 1000 2157; x_wconf 75' lang='lat' dir='ltr'>Hildensiremensis.</span> <span class='ocrx_word' id='word_1_143' title='bbox 1033 2073 1355 2164; x_wconf 76' lang='lat' dir='ltr'>Merseburgensis</span> <span class='ocrx_word' id='word_1_144' title='bbox 1393 2074 1789 2168; x_wconf 83' lang='lat' dir='ltr'>Padeburneneisepis·</span> 
     </span>
     <span class='ocr_line' id='line_1_18' title="bbox 377 2161 1867 2268; baseline 0.006 -29"><span class='ocrx_word' id='word_1_145' title='bbox 377 2176 379 2184; x_wconf 90' lang='lat'>&#39;</span> <span class='ocrx_word' id='word_1_146' title='bbox 421 2173 514 2262; x_wconf 90' lang='lat' dir='ltr'>eopi.</span> <span class='ocrx_word' id='word_1_147' title='bbox 565 2174 605 2242; x_wconf 68' lang='lat' dir='ltr'>t..</span> <span class='ocrx_word' id='word_1_148' title='bbox 634 2171 706 2241; x_wconf 83' lang='lat' dir='ltr'>dux</span> <span class='ocrx_word' id='word_1_149' title='bbox 731 2174 907 2244; x_wconf 75' lang='lat' dir='ltr'>bawarie</span> <span class='ocrx_word' id='word_1_150' title='bbox 918 2161 1095 2264; x_wconf 83' lang='lat' dir='ltr'>palatinus</span> <span class='ocrx_word' id='word_1_151' title='bbox 1123 2195 1243 2242; x_wconf 86' lang='lat' dir='ltr'>eomes</span> <span class='ocrx_word' id='word_1_152' title='bbox 1258 2173 1360 2242; x_wconf 83' lang='lat' dir='ltr'>Rem</span> <span class='ocrx_word' id='word_1_153' title='bbox 1410 2175 1454 2240; x_wconf 91' lang='lat' dir='ltr'>D.</span> <span class='ocrx_word' id='word_1_154' title='bbox 1480 2172 1642 2242; x_wconf 85' lang='lat' dir='ltr'>Marehio</span> <span class='ocrx_word' id='word_1_155' title='bbox 1669 2176 1712 2244; x_wconf 93' lang='lat' dir='ltr'>de</span> <span class='ocrx_word' id='word_1_156' title='bbox 1727 2181 1791 2248; x_wconf 89' lang='grc' dir='ltr'>ιιο</span> <span class='ocrx_word' id='word_1_157' title='bbox 1864 2262 1867 2268; x_wconf 26' lang='grc' dir='ltr'>Ι</span> 
     </span>
     <span class='ocr_line' id='line_1_19' title="bbox 420 2261 1791 2364; baseline 0.004 -26"><span class='ocrx_word' id='word_1_158' title='bbox 420 2272 585 2341; x_wconf 87' lang='lat' dir='ltr'>hinburo.</span> <span class='ocrx_word' id='word_1_159' title='bbox 636 2271 679 2342; x_wconf 78' lang='lat' dir='ltr'>G.</span> <span class='ocrx_word' id='word_1_160' title='bbox 705 2293 825 2342; x_wconf 87' lang='lat' dir='ltr'>eomes</span> <span class='ocrx_word' id='word_1_161' title='bbox 851 2273 895 2341; x_wconf 90' lang='lat' dir='ltr'>de</span> <span class='ocrx_word' id='word_1_162' title='bbox 920 2271 1046 2342; x_wconf 88' lang='lat' dir='ltr'>dieths.</span> <span class='ocrx_word' id='word_1_163' title='bbox 1099 2275 1152 2340; x_wconf 93' lang='lat' dir='ltr'>H.</span> <span class='ocrx_word' id='word_1_164' title='bbox 1168 2273 1373 2362; x_wconf 85' lang='lat' dir='ltr'>prepositus</span> <span class='ocrx_word' id='word_1_165' title='bbox 1407 2261 1521 2341; x_wconf 81' lang='lat' dir='ltr'>saneti</span> <span class='ocrx_word' id='word_1_166' title='bbox 1537 2273 1764 2364; x_wconf 82' lang='lat' dir='ltr'>Stephani</span> <span class='ocrx_word' id='word_1_167' title='bbox 1752 2301 1791 2344; x_wconf 88' lang='grc' dir='ltr'>ιιι</span> 
     </span>
     <span class='ocr_line' id='line_1_20' title="bbox 419 2371 1791 2500; baseline 0.004 -62"><span class='ocrx_word' id='word_1_168' title='bbox 419 2371 631 2439; x_wconf 76' lang='lat' dir='ltr'>babinberc.</span> <span class='ocrx_word' id='word_1_169' title='bbox 683 2375 746 2443; x_wconf 83' lang='lat' dir='ltr'>Th.</span> <span class='ocrx_word' id='word_1_170' title='bbox 773 2373 983 2484; x_wconf 82' lang='lat' dir='ltr'>scolasticus</span> <span class='ocrx_word' id='word_1_171' title='bbox 1009 2371 1156 2441; x_wconf 83' lang='lat' dir='ltr'>maioris</span> <span class='ocrx_word' id='word_1_172' title='bbox 1183 2373 1334 2442; x_wconf 86' lang='lat' dir='ltr'>ecclesie</span> <span class='ocrx_word' id='word_1_173' title='bbox 1352 2371 1657 2500; x_wconf 78' lang='lat' dir='ltr'>wirzeburgensis</span> <span class='ocrx_word' id='word_1_174' title='bbox 1673 2387 1710 2442; x_wconf 90' lang='lat' dir='ltr'>et</span> <span class='ocrx_word' id='word_1_175' title='bbox 1730 2377 1791 2443; x_wconf 90' lang='lat' dir='ltr'>alii</span> 
     </span>
     <span class='ocr_line' id='line_1_21' title="bbox 328 2473 693 2563; baseline 0.011 -27"><span class='ocrx_word' id='word_1_176' title='bbox 328 2551 331 2558; x_wconf 24' lang='lat'><strong><em>¹</em></strong></span> <span class='ocrx_word' id='word_1_177' title='bbox 423 2491 532 2563; x_wconf 80' lang='lat' dir='ltr'>quarn</span> <span class='ocrx_word' id='word_1_178' title='bbox 558 2473 693 2562; x_wconf 81' lang='lat' dir='ltr'>plures.</span> 
     </span>
    </p>
   </div>
   <div class='ocr_carea' id='block_1_3' title="bbox 422 2644 1792 2837">
    <p class='ocr_par' dir='ltr' id='par_1_4' title="bbox 422 2644 1792 2837">
     <span class='ocr_line' id='line_1_22' title="bbox 521 2644 1792 2736; baseline 0.006 -26"><span class='ocrx_word' id='word_1_179' title='bbox 521 2644 610 2712; x_wconf 80' lang='lat' dir='ltr'>Aeta</span> <span class='ocrx_word' id='word_1_180' title='bbox 635 2654 719 2714; x_wconf 88' lang='lat' dir='ltr'>suut</span> <span class='ocrx_word' id='word_1_181' title='bbox 743 2647 809 2714; x_wconf 86' lang='lat' dir='ltr'>hee</span> <span class='ocrx_word' id='word_1_182' title='bbox 834 2646 929 2736; x_wconf 86' lang='lat' dir='ltr'>apud</span> <span class='ocrx_word' id='word_1_183' title='bbox 956 2647 1173 2715; x_wconf 83' lang='lat' dir='ltr'>Northusam</span> <span class='ocrx_word' id='word_1_184' title='bbox 1200 2644 1366 2714; x_wconf 79' lang='lat' dir='ltr'>annoab</span> <span class='ocrx_word' id='word_1_185' title='bbox 1392 2644 1637 2717; x_wconf 77' lang='lat' dir='ltr'>incarnatione</span> <span class='ocrx_word' id='word_1_186' title='bbox 1650 2645 1792 2718; x_wconf 88' lang='lat' dir='ltr'>domini</span> 
     </span>
     <span class='ocr_line' id='line_1_23' title="bbox 422 2740 1602 2837; baseline 0.005 -27"><span class='ocrx_word' id='word_1_187' title='bbox 422 2742 507 2812; x_wconf 57' lang='lat' dir='ltr'>iiim.</span> <span class='ocrx_word' id='word_1_188' title='bbox 535 2740 642 2815; x_wconf 67' lang='lat'><strong>00⁰⁰.</strong></span> <span class='ocrx_word' id='word_1_189' title='bbox 668 2747 796 2815; x_wconf 83' lang='lat' dir='ltr'>xxttt.</span> <span class='ocrx_word' id='word_1_190' title='bbox 848 2747 902 2815; x_wconf 85' lang='lat'>111.</span> <span class='ocrx_word' id='word_1_191' title='bbox 933 2745 1011 2816; x_wconf 86' lang='lat' dir='ltr'>idus</span> <span class='ocrx_word' id='word_1_192' title='bbox 1037 2745 1264 2837; x_wconf 85' lang='lat' dir='ltr'>septembris.</span> <span class='ocrx_word' id='word_1_193' title='bbox 1303 2743 1500 2816; x_wconf 87' lang='lat' dir='ltr'>indietione</span> <span class='ocrx_word' id='word_1_194' title='bbox 1525 2747 1602 2816; x_wconf 86' lang='lat' dir='ltr'>xtt.</span> 
     </span>
    </p>
   </div>
   <div class='ocr_carea' id='block_1_4' title="bbox 493 2937 1793 3354">
    <p class='ocr_par' dir='ltr' id='par_1_5' title="bbox 493 2937 1793 3354">
     <span class='ocr_line' id='line_1_24' title="bbox 493 2937 1793 3066; baseline -0.001 -29"><span class='ocrx_word' id='word_1_195' title='bbox 493 2981 524 3058; x_wconf 79' lang='lat' dir='ltr'>a)</span> <span class='ocrx_word' id='word_1_196' title='bbox 549 2975 698 3066; x_wconf 79' lang='lat' dir='ltr'>Sigillum</span> <span class='ocrx_word' id='word_1_197' title='bbox 727 2977 761 3039; x_wconf 90' lang='lat' dir='ltr'>in</span> <span class='ocrx_word' id='word_1_198' title='bbox 786 2987 918 3058; x_wconf 82' lang='lat' dir='ltr'>utreque</span> <span class='ocrx_word' id='word_1_199' title='bbox 946 2993 1009 3050; x_wconf 82' lang='lat' dir='ltr'>ors,</span> <span class='ocrx_word' id='word_1_200' title='bbox 1036 2976 1143 3036; x_wconf 81' lang='lat' dir='ltr'>dextra</span> <span class='ocrx_word' id='word_1_201' title='bbox 1170 2961 1215 3035; x_wconf 62' lang='grc' dir='ltr'>ιε’</span> <span class='ocrx_word' id='word_1_202' title='bbox 1231 2973 1371 3048; x_wconf 77' lang='lat' dir='ltr'>sinistre,</span> <span class='ocrx_word' id='word_1_203' title='bbox 1396 2937 1652 3047; x_wconf 41' lang='lat' dir='ltr'>ieosumftotam</span> <span class='ocrx_word' id='word_1_204' title='bbox 1677 2975 1793 3039; x_wconf 90' lang='lat' dir='ltr'>nichil·</span> 
     </span>
     <span class='ocr_line' id='line_1_25' title="bbox 552 3071 1791 3164; baseline 0 -27"><span class='ocrx_word' id='word_1_205' title='bbox 552 3079 669 3140; x_wconf 82' lang='lat' dir='ltr'>ominis</span> <span class='ocrx_word' id='word_1_206' title='bbox 694 3077 779 3164; x_wconf 77' lang='lat' dir='ltr'>regis</span> <span class='ocrx_word' id='word_1_207' title='bbox 804 3073 980 3160; x_wconf 82' lang='lat' dir='ltr'>imaginem</span> <span class='ocrx_word' id='word_1_208' title='bbox 1009 3075 1181 3149; x_wconf 82' lang='lat' dir='ltr'>exhibens,</span> <span class='ocrx_word' id='word_1_209' title='bbox 1219 3077 1374 3159; x_wconf 77' lang='lat' dir='ltr'>appendet</span> <span class='ocrx_word' id='word_1_210' title='bbox 1400 3093 1438 3135; x_wconf 83' lang='lat' dir='ltr'>ex</span> <span class='ocrx_word' id='word_1_211' title='bbox 1465 3071 1528 3133; x_wconf 83' lang='lat' dir='ltr'>fitis</span> <span class='ocrx_word' id='word_1_212' title='bbox 1555 3074 1664 3135; x_wconf 79' lang='lat' dir='ltr'>sericis</span> <span class='ocrx_word' id='word_1_213' title='bbox 1690 3077 1791 3150; x_wconf 86' lang='lat' dir='ltr'>rubri,</span> 
     </span>
     <span class='ocr_line' id='line_1_26' title="bbox 547 3172 1793 3261; baseline 0.002 -27"><span class='ocrx_word' id='word_1_214' title='bbox 547 3177 657 3238; x_wconf 79' lang='lat' dir='ltr'>viridis</span> <span class='ocrx_word' id='word_1_215' title='bbox 691 3189 721 3237; x_wconf 89' lang='lat' dir='ltr'>et</span> <span class='ocrx_word' id='word_1_216' title='bbox 752 3174 826 3234; x_wconf 82' lang='lat' dir='ltr'>flavi</span> <span class='ocrx_word' id='word_1_217' title='bbox 861 3173 988 3237; x_wconf 85' lang='lat' dir='ltr'>coloris.</span> <span class='ocrx_word' id='word_1_218' title='bbox 1047 3175 1073 3232; x_wconf 82' lang='grc' dir='ltr'>ιι</span> <span class='ocrx_word' id='word_1_219' title='bbox 1108 3185 1193 3261; x_wconf 78' lang='lat' dir='ltr'>tergo</span> <span class='ocrx_word' id='word_1_220' title='bbox 1228 3176 1420 3256; x_wconf 80' lang='lat' dir='ltr'>conspicitur</span> <span class='ocrx_word' id='word_1_221' title='bbox 1446 3172 1589 3260; x_wconf 77' lang='lat' dir='ltr'>sigillum</span> <span class='ocrx_word' id='word_1_222' title='bbox 1619 3174 1727 3236; x_wconf 85' lang='lat' dir='ltr'>minus</span> <span class='ocrx_word' id='word_1_223' title='bbox 1754 3196 1793 3237; x_wconf 84' lang='lat' dir='ltr'>ex</span> 
     </span>
     <span class='ocr_line' id='line_1_27' title="bbox 548 3271 1016 3354; baseline 0.004 -20"><span class='ocrx_word' id='word_1_224' title='bbox 548 3273 669 3338; x_wconf 80' lang='lat' dir='ltr'>annulo</span> <span class='ocrx_word' id='word_1_225' title='bbox 697 3289 786 3336; x_wconf 84' lang='lat' dir='ltr'>cerne</span> <span class='ocrx_word' id='word_1_226' title='bbox 812 3271 1016 3354; x_wconf 84' lang='lat' dir='ltr'>impressum.</span> 
     </span>
    </p>
   </div>
   <div class='ocr_carea' id='block_1_5' title="bbox 490 3422 1793 3907">
    <p class='ocr_par' dir='ltr' id='par_1_6' title="bbox 490 3422 1793 3907">
     <span class='ocr_line' id='line_1_28' title="bbox 490 3422 1792 3508; baseline 0.002 -22"><span class='ocrx_word' id='word_1_227' title='bbox 490 3425 519 3504; x_wconf 81' lang='lat' dir='ltr'>b)</span> <span class='ocrx_word' id='word_1_228' title='bbox 547 3426 680 3490; x_wconf 81' lang='lat' dir='ltr'>indictio</span> <span class='ocrx_word' id='word_1_229' title='bbox 706 3422 837 3488; x_wconf 78' lang='lat' dir='ltr'>erronee</span> <span class='ocrx_word' id='word_1_230' title='bbox 864 3437 927 3501; x_wconf 86' lang='lat' dir='ltr'>est,</span> <span class='ocrx_word' id='word_1_231' title='bbox 954 3427 1053 3507; x_wconf 81' lang='lat' dir='ltr'>posita</span> <span class='ocrx_word' id='word_1_232' title='bbox 1078 3427 1148 3488; x_wconf 88' lang='lat' dir='ltr'>loeo</span> <span class='ocrx_word' id='word_1_233' title='bbox 1175 3429 1330 3490; x_wconf 83' lang='lat' dir='ltr'>currentis</span> <span class='ocrx_word' id='word_1_234' title='bbox 1357 3428 1418 3502; x_wconf 87' lang='lat' dir='ltr'>XI,</span> <span class='ocrx_word' id='word_1_235' title='bbox 1445 3426 1527 3508; x_wconf 89' lang='lat' dir='ltr'>quod</span> <span class='ocrx_word' id='word_1_236' title='bbox 1554 3439 1636 3506; x_wconf 85' lang='lat' dir='ltr'>petet</span> <span class='ocrx_word' id='word_1_237' title='bbox 1662 3448 1701 3488; x_wconf 88' lang='lat' dir='ltr'>ex</span> <span class='ocrx_word' id='word_1_238' title='bbox 1720 3427 1792 3490; x_wconf 88' lang='lat' dir='ltr'>aliis</span> 
     </span>
     <span class='ocr_line' id='line_1_29' title="bbox 548 3523 1791 3611; baseline 0.002 -25"><span class='ocrx_word' id='word_1_239' title='bbox 548 3527 771 3589; x_wconf 76' lang='lat' dir='ltr'>instrumentis</span> <span class='ocrx_word' id='word_1_240' title='bbox 804 3525 915 3594; x_wconf 82' lang='lat' dir='ltr'>huius,</span> <span class='ocrx_word' id='word_1_241' title='bbox 934 3526 1018 3611; x_wconf 80' lang='lat' dir='ltr'>regis</span> <span class='ocrx_word' id='word_1_242' title='bbox 1049 3528 1158 3588; x_wconf 87' lang='lat' dir='ltr'>eodem</span> <span class='ocrx_word' id='word_1_243' title='bbox 1186 3545 1271 3588; x_wconf 82' lang='lat' dir='ltr'>anrro</span> <span class='ocrx_word' id='word_1_244' title='bbox 1298 3547 1333 3590; x_wconf 82' lang='lat' dir='ltr'>ac</span> <span class='ocrx_word' id='word_1_245' title='bbox 1361 3547 1469 3588; x_wconf 86' lang='lat' dir='ltr'>mense</span> <span class='ocrx_word' id='word_1_246' title='bbox 1494 3523 1674 3588; x_wconf 82' lang='lat' dir='ltr'>Northusne</span> <span class='ocrx_word' id='word_1_247' title='bbox 1701 3527 1791 3602; x_wconf 82' lang='lat' dir='ltr'>datis,</span> 
     </span>
     <span class='ocr_line' id='line_1_30' title="bbox 548 3624 1790 3710; baseline -0.001 -24"><span class='ocrx_word' id='word_1_248' title='bbox 548 3627 633 3688; x_wconf 88' lang='lat' dir='ltr'>inter</span> <span class='ocrx_word' id='word_1_249' title='bbox 665 3647 745 3709; x_wconf 86' lang='lat' dir='ltr'>quae</span> <span class='ocrx_word' id='word_1_250' title='bbox 780 3625 862 3688; x_wconf 83' lang='lat' dir='ltr'>illud</span> <span class='ocrx_word' id='word_1_251' title='bbox 887 3647 936 3706; x_wconf 84' lang='lat' dir='ltr'>ap.</span> <span class='ocrx_word' id='word_1_252' title='bbox 975 3626 1148 3709; x_wconf 81' lang='lat' dir='ltr'>Schiittgeu</span> <span class='ocrx_word' id='word_1_253' title='bbox 1176 3626 1368 3710; x_wconf 75' lang='lat' dir='ltr'>etiireysig</span> <span class='ocrx_word' id='word_1_254' title='bbox 1394 3624 1604 3704; x_wconf 82' lang='lat' dir='ltr'>Diplomnter.</span> <span class='ocrx_word' id='word_1_255' title='bbox 1657 3629 1684 3687; x_wconf 94' lang='lat'>1.</span> <span class='ocrx_word' id='word_1_256' title='bbox 1715 3639 1790 3693; x_wconf 61' lang='lat'>257.</span> 
     </span>
     <span class='ocr_line' id='line_1_31' title="bbox 550 3723 1793 3806; baseline 0.002 -20"><span class='ocrx_word' id='word_1_257' title='bbox 550 3745 606 3806; x_wconf 89' lang='lat' dir='ltr'>pro</span> <span class='ocrx_word' id='word_1_258' title='bbox 635 3727 827 3788; x_wconf 86' lang='lat' dir='ltr'>monasterio</span> <span class='ocrx_word' id='word_1_259' title='bbox 853 3725 1037 3786; x_wconf 81' lang='lat' dir='ltr'>Volkenrod</span> <span class='ocrx_word' id='word_1_260' title='bbox 1061 3726 1172 3787; x_wconf 86' lang='lat' dir='ltr'>eodem</span> <span class='ocrx_word' id='word_1_261' title='bbox 1199 3723 1287 3798; x_wconf 85' lang='lat' dir='ltr'>loeo,</span> <span class='ocrx_word' id='word_1_262' title='bbox 1314 3744 1399 3784; x_wconf 89' lang='lat' dir='ltr'>anno</span> <span class='ocrx_word' id='word_1_263' title='bbox 1426 3743 1462 3785; x_wconf 85' lang='lat' dir='ltr'>se</span> <span class='ocrx_word' id='word_1_264' title='bbox 1485 3725 1536 3786; x_wconf 88' lang='lat' dir='ltr'>die</span> <span class='ocrx_word' id='word_1_265' title='bbox 1563 3725 1671 3786; x_wconf 85' lang='lat' dir='ltr'>datum</span> <span class='ocrx_word' id='word_1_266' title='bbox 1695 3727 1793 3788; x_wconf 80' lang='lat' dir='ltr'>reris·</span> 
     </span>
     <span class='ocr_line' id='line_1_32' title="bbox 545 3821 1154 3907; baseline -0.002 -20"><span class='ocrx_word' id='word_1_267' title='bbox 545 3826 662 3890; x_wconf 85' lang='lat' dir='ltr'>simam</span> <span class='ocrx_word' id='word_1_268' title='bbox 690 3825 841 3907; x_wconf 85' lang='lat' dir='ltr'>exprimit</span> <span class='ocrx_word' id='word_1_269' title='bbox 865 3825 1073 3888; x_wconf 86' lang='lat' dir='ltr'>indictionem</span> <span class='ocrx_word' id='word_1_270' title='bbox 1100 3821 1154 3886; x_wconf 81' lang='lat' dir='ltr'>xl.</span> 
     </span>
    </p>
   </div>
   <div class='ocr_carea' id='block_1_6' title="bbox 494 3975 1795 4144">
    <p class='ocr_par' dir='ltr' id='par_1_7' title="bbox 494 3975 1795 4144">
     <span class='ocr_line' id='line_1_33' title="bbox 494 3975 1795 4067; baseline -0.01 -27"><span class='ocrx_word' id='word_1_271' title='bbox 494 3987 519 4058; x_wconf 90' lang='lat' dir='ltr'>e)</span> <span class='ocrx_word' id='word_1_272' title='bbox 547 3980 676 4042; x_wconf 86' lang='lat' dir='ltr'>Editum</span> <span class='ocrx_word' id='word_1_273' title='bbox 696 3982 737 4042; x_wconf 87' lang='lat' dir='ltr'>&#39;in</span> <span class='ocrx_word' id='word_1_274' title='bbox 766 3979 942 4067; x_wconf 75' lang='lat' dir='ltr'>privilegiis</span> <span class='ocrx_word' id='word_1_275' title='bbox 969 3976 1220 4038; x_wconf 82' lang='lat' dir='ltr'>Ebereeensibns</span> <span class='ocrx_word' id='word_1_276' title='bbox 1244 3975 1286 4035; x_wconf 85' lang='grc' dir='ltr'>ΙΙ.</span> <span class='ocrx_word' id='word_1_277' title='bbox 1316 3985 1344 4037; x_wconf 74' lang='grc' dir='ltr'>ἵ.</span> <span class='ocrx_word' id='word_1_278' title='bbox 1372 3995 1460 4038; x_wconf 88' lang='lat' dir='ltr'>num.</span> <span class='ocrx_word' id='word_1_279' title='bbox 1487 3983 1537 4040; x_wconf 82' lang='grc'>48.</span> <span class='ocrx_word' id='word_1_280' title='bbox 1597 3975 1633 4034; x_wconf 85' lang='lat' dir='ltr'>In</span> <span class='ocrx_word' id='word_1_281' title='bbox 1669 3979 1795 4056; x_wconf 58' lang='lat' dir='ltr'>potissi.</span> 
     </span>
     <span class='ocr_line' id='line_1_34' title="bbox 550 4071 1794 4144; baseline -0.003 -2"><span class='ocrx_word' id='word_1_282' title='bbox 550 4081 610 4144; x_wconf 85' lang='lat' dir='ltr'>mis</span> <span class='ocrx_word' id='word_1_283' title='bbox 644 4082 700 4142; x_wconf 74' lang='lat' dir='ltr'>vin</span> <span class='ocrx_word' id='word_1_284' title='bbox 730 4103 796 4142; x_wconf 89' lang='lat' dir='ltr'>non</span> <span class='ocrx_word' id='word_1_285' title='bbox 832 4081 869 4142; x_wconf 86' lang='lat' dir='ltr'>de</span> <span class='ocrx_word' id='word_1_286' title='bbox 903 4077 997 4141; x_wconf 75' lang='lat' dir='ltr'>verbo</span> <span class='ocrx_word' id='word_1_287' title='bbox 1033 4077 1071 4138; x_wconf 86' lang='lat' dir='ltr'>ad</span> <span class='ocrx_word' id='word_1_288' title='bbox 1104 4078 1234 4136; x_wconf 85' lang='lat' dir='ltr'>verbum</span> <span class='ocrx_word' id='word_1_289' title='bbox 1270 4087 1421 4135; x_wconf 83' lang='lat' dir='ltr'>consonat</span> <span class='ocrx_word' id='word_1_290' title='bbox 1450 4087 1520 4135; x_wconf 83' lang='lat' dir='ltr'>cum</span> <span class='ocrx_word' id='word_1_291' title='bbox 1550 4071 1794 4140; x_wconf 75' lang='lat' dir='ltr'>confirmatione</span> 
     </span>
    </p>
   </div>
   <div class='ocr_carea' id='block_1_7' title="bbox 0 0 1906 4718">
    <p class='ocr_par' dir='ltr' id='par_1_8' title="bbox 0 0 1906 4718">
     <span class='ocr_line' id='line_1_35' title="bbox 0 0 1906 4718; baseline 0 0"><span class='ocrx_word' id='word_1_292' title='bbox 0 0 1906 4718; x_wconf 95' lang='lat' dir='ltr'> </span> 
     </span>
    </p>
   </div>
  </div>
 </body>
</html>
