3870 4718
739 290 1007 410 Antheutics.
1177 364 1183 380 .
1515 311 1575 414 ltt

201 541 417 632 Wslhnsgis
444 539 541 608 bons
566 537 603 604 in
629 536 914 606 Declsidcslrsim.
943 533 1089 606 Curiam
1112 533 1151 603 in
1175 531 1386 602 Morslreim.
1413 550 1568 627 aurusp-

201 641 377 732 pendiciis
404 643 488 711 suis.
517 637 660 708 Curiam
685 638 723 706 in
750 637 1054 706 Snibichemberc.
1089 635 1233 704 Curiam
1259 633 1295 702 in
1321 634 1569 706 Becherlseim.

204 740 349 810 Curiam
385 743 422 808 in
447 738 592 826 Riecte.
616 738 763 804 Curiam
795 737 832 803 in
857 737 1073 804 Albesheim.
1110 755 1190 802 cum
1224 733 1446 824 appendiciis
1480 737 1565 806 suis.

205 840 352 910 Curiam
383 839 515 930 hunge.
549 859 690 906 necnon
724 838 821 906 hona
852 835 1066 928 hagenensis
1099 833 1306 904 aecclesiae.
1349 835 1495 906 Curiam
1531 839 1568 906 iu

204 939 464 1009 ldenaburnen.
500 939 645 1006 Curiam
670 936 709 1004 in
734 937 859 1004 Wilre.
896 931 1045 1006 (iuriam
1070 935 1108 1002 in
1131 933 1382 1004 Ebernslseim.
1424 933 1569 1006 Curiam

203 1039 241 1106 in
267 1041 469 1110 Zarulreins.
496 1037 641 1106 Curiam
666 1037 705 1124 in
729 1035 889 1106 Olmene.
917 1037 1060 1106 Curiam
1087 1036 1124 1104 in
1150 1033 1393 1104 Uluenslseim.
1422 1035 1569 1106 Curiam

201 1139 566 1230 Gigelmundesheim.
595 1147 786 1229 ceteraque
812 1137 917 1205 bona.
942 1137 980 1206 in
1006 1136 1113 1228 agris.
1141 1133 1254 1204 siluis.
1282 1135 1408 1224 pratis.
1434 1145 1469 1201 et
1482 1157 1571 1242 pas·
1701 1226 1704 1236 .

200 1239 286 1307 cuis.
314 1240 459 1331 utrique
485 1237 679 1306 aecclesiae
707 1237 855 1306 collatis.
882 1235 960 1305 siue
985 1237 1080 1306 bona
1106 1258 1176 1327 que
1202 1235 1240 1303 in
1274 1244 1460 1324 posterum
1491 1256 1570 1324 pre-

198 1339 405 1406 nominatae
440 1338 646 1406 aecclesiae.
681 1335 777 1421 justo
812 1333 1057 1424 acquisitionis
1088 1337 1193 1402 titulo
1220 1335 1381 1422 poterint
1408 1329 1568 1423 adipisci.

2 1402 3 1410 ¹
54 1435 59 1442 ’
145 1485 149 1493 ,
200 1438 416 1506 auctoritate
443 1438 545 1524 regia
573 1455 645 1522 qua
663 1428 859 1526 fungimur.
883 1433 957 1500 iam
976 1429 1472 1522 dictisaecclesiisperpetoo
1489 1455 1571 1506 con-

199 1534 399 1603 firmamus.
448 1532 505 1604 Ad
531 1536 597 1600 hec
624 1553 768 1624 quoque
795 1519 841 1600 de‘
865 1533 988 1623 regiae
1007 1533 1185 1624 largitatis
1201 1551 1359 1602 munere.
1387 1532 1473 1624 ipsis
1487 1553 1572 1602 con·

201 1635 361 1704 cedimus
386 1642 422 1702 et
447 1633 684 1723 indulgemus.
705 1631 890 1724 qustinsrs:
913 1631 957 1700 de
982 1633 1161 1703 uniuersis
1186 1631 1293 1701 bonis
1317 1634 1480 1722 ipsorum
1500 1635 1569 1724 (ip-

198 1739 351 1816 sarum).
387 1733 551 1802 deductis
581 1731 745 1822 justiciis.
785 1733 1002 1804 racionilssss.
1038 1755 1110 1824 que
1143 1733 1188 1801 ab
1221 1731 1371 1823 antiquo
1404 1733 1569 1803 solebant

200 1833 341 1902 deduci.
366 1833 418 1902 nil
442 1835 538 1902 ultrs
563 1843 686 1922 preter
709 1831 900 1922 justiciam.
928 1831 974 1902 de
1000 1833 1168 1903 omnibus
1190 1831 1298 1902 bonis
1323 1833 1484 1922 ipsorum
1499 1833 1568 1924 (ip-

199 1941 338 2013 sarum)
372 1931 589 2026 requiratur.
624 1954 691 2001 nec
725 1933 844 2024 aliqua
879 1953 975 2002 nous
1000 1935 1151 2002 exactio.
1176 1932 1214 2000 in
1240 1932 1293 2002 sis
1319 1933 1568 2004 constituatur.

199 2033 262 2104 sed
295 2043 440 2124 recepta
476 2033 635 2102 racione.
676 2041 714 2102 et
739 2042 912 2102 consueta
935 2032 1089 2120 justicia.
1113 2033 1252 2124 absque
1276 2034 1375 2102 omni
1399 2028 1568 2102 ulteriori

199 2131 421 2222 grsuamine.
453 2134 575 2224 quieta
609 2141 646 2200 et
674 2153 799 2201 secura
833 2133 1031 2202 consistant
1063 2143 1101 2201 et
1136 2143 1372 2223 permanesnt
1412 2131 1567 2216 residua.

199 2233 425 2329 Quicumque
451 2233 564 2322 igitur
590 2234 681 2300 hanc
705 2241 853 2300 nostrae
868 2233 1151 2303 confirmationis
1166 2235 1336 2334 paginssn
1355 2231 1567 2324 infringere.

21 2337 32 2346 “
173 2333 259 2434 ¹uel
284 2332 404 2423 aliquo
431 2327 674 2423 improbitatis
699 2353 801 2400 susu.
828 2331 861 2401 ei
887 2333 1039 2401 obuiare
1065 2331 1337 2426 presumpserit.
1362 2333 1485 2424 regiae
1514 2331 1566 2401 in·

199 2431 416 2522 dignationis
440 2453 478 2500 se
494 2431 637 2501 nouerit
660 2429 817 2520 jacturas
842 2431 1072 2523 grauissimas
1097 2435 1322 2504 incursurus.
1371 2433 1421 2502 Ut
1446 2441 1567 2501 autem

198 2535 265 2602 hec
291 2532 423 2600 omnia.
451 2531 554 2600 firma
580 2543 617 2600 et
640 2532 777 2602 illibata
801 2545 1076 2605 conseruentur.
1101 2545 1289 2626 presentes
1314 2535 1463 2625 paginas
1482 2530 1566 2602 inde

200 2633 390 2702 conscribi.
415 2641 452 2701 et
477 2633 601 2723 sigillo
624 2643 752 2702 nostro
777 2635 1007 2724 precepimus
1024 2634 1250 2705 communiri.
1304 2633 1567 2704 'Hninsreitcs-

197 2741 254 2800 tes
280 2741 374 2800 sunt.
436 2731 590 2800 Sitridus
622 2734 856 2820 moguntinae
883 2733 986 2800 Sedis
1020 2733 1323 2824 archiepiscopus.
1374 2727 1567 2804 llunradus

199 2825 397 2918 imperialis
423 2831 526 2896 aulae
550 2830 796 2896 cancellarius.
844 2829 1042 2916 liupoldus
1067 2829 1347 2898 Worsnsoiensis
1364 2831 1567 2917 episcopus.

198 2928 445 2998 Theodericus
473 2925 694 2996 trecorensis
720 2925 1024 3016 archiepiscopus.
1073 2926 1226 2999 sifridus
1251 2943 1372 2994 comes
1391 2923 1569 2995 dsLinin-

198 3049 280 3121 geu.
307 3028 430 3098 Simon
463 3049 585 3096 comes
617 3025 664 3095 de
690 3026 901 3116 Ssrsponte.
925 3027 1108 3118 Repertus
1141 3036 1177 3096 et
1204 3024 1411 3095 Gerhsrdus
1436 3025 1568 3096 hirsuti

199 3129 358 3198 comites.
408 3127 597 3198 cunradus
630 3147 752 3198 comes
784 3125 971 3196 siluestris.
1021 3123 1241 3198 Godslridss
1265 3125 1312 3200 de
1333 3125 1564 3219 Eppenstein.

198 3228 422 3296 wernherus
448 3227 492 3296 de
516 3227 680 3296 Bonlnnt.
707 3226 905 3317 imperialis
930 3227 1032 3296 sulas
1058 3227 1207 3320 dapifer.
1235 3237 1272 3298 st
1289 3227 1477 3320 Philippus
1495 3227 1565 3297 lra-

198 3335 256 3398 ter
281 3347 376 3396 suus.
403 3325 523 3396 etalii
549 3347 656 3416 quarn
681 3328 814 3418 plures.
863 3330 954 3395 Acts
977 3331 1140 3400 sunthcc
1156 3328 1252 3421 apud
1273 3329 1565 3418 Lutream.'Reg·

197 3437 308 3496 nante
334 3426 481 3495 domino
506 3423 702 3494 Friderico.
736 3425 976 3495 inuictissimo
1000 3427 1247 3498 Romanorum
1270 3450 1370 3520 rege.
1404 3438 1439 3498 et
1467 3425 1565 3498 Sem·

198 3537 456 3619 perangusto.
507 3528 610 3592 Anno
636 3526 740 3615 regni
764 3525 841 3594 eius
866 3523 1035 3596 secundo.
1084 3531 1187 3598 Anno
1214 3523 1414 3599 dominicae
1447 3527 1562 3597 incar-

198 3627 364 3698 nationis.
389 3627 438 3696 Μ.
463 3624 541 3694 (3.0.
568 3625 673 3694 Xllll.
699 3619 847 3695 ltalend
875 3625 1010 3720 aprilis.

261 3887 294 3964 a)
321 3879 493 3970 Sigillum,
527 3881 611 3964 qaod
637 3880 866 3965 sppsndslsst,x
882 3881 1022 3958 interiit,
1055 3879 1226 3962 abruptum
1254 3900 1325 3943 curn
1350 3889 1439 3962 psrte
1464 3890 1565 3936 mem·

320 3980 438 4044 branse
462 3978 599 4046 iuferius
625 3981 849 4064 complicatae,
875 3978 939 4047 filis
965 3978 1116 4046 similiter
1139 3977 1281 4060 perditis.

1307 4120 1500 4200 δ’·
