3804 4718
349 452 354 465 ,
396 327 480 432 126
779 327 1025 446 Diplomata
1047 293 1381 486 Imperatorum!

904 657 1247 816 nonxvrn.

646 897 868 959 Aun01224·
923 899 972 958 18.
1000 888 1129 954 Octobr.
1179 887 1264 971 apud
1290 885 1508 952 Nuorenbere.

269 1067 299 1112 '⁸
386 1085 609 1178 Heinrious
639 1083 734 1172 VII.
774 1110 854 1168 rex
869 1104 873 1113 ·
891 1083 1137 1198 praeposito
1175 1109 1256 1170 suo
1296 1079 1351 1168 de
1380 1077 1606 1194 Moringon
1647 1079 1762 1170 hona
1873 1123 1876 1128 >

387 1205 557 1294 claustri
599 1201 652 1287 de
683 1193 960 1319 Staingademr
988 1197 1252 1318 protegenda
1279 1197 1525 1302 committit,
1564 1196 1762 1285 nomina·

453 1322 527 1410 tim
558 1337 704 1432 contra
736 1319 979 1436 gravamina
1009 1318 1240 1436 praepositi
1269 1315 1323 1438 de
1338 1313 1679 1452 ‘'lieit'emhuocn

286 1600 292 1618 s
368 1491 458 1624 Η.
484 1545 542 1621 dei
568 1547 686 1641 gratia
709 1547 956 1617 Romanorum
978 1540 1060 1619 'Rex
1092 1555 1131 1618 et
1165 1566 1310 1640 temper
1332 1545 1541 1654 Augustae..
1560 1543 1658 1614 fideii
1693 1567 1761 1630 eno

384 1666 573 1761 preposito
600 1663 644 1732 de
666 1665 875 1755 ‘Mor-ingen.
902 1661 1055 1754 gratiam
1081 1682 1183 1733 enam
1208 1673 1244 1732 et
1269 1682 1375 1733 omne
1400 1661 1549 1732 bonum.
1601 1661 1691 1730 cam
1707 1683 1763 1746 ae·

385 1769 520 1841 tenitas
553 1773 678 1834 nostra
711 1765 945 1832 ecelesiarum
980 1760 1111 1831 debeat
1142 1763 1441 1854 oppressionibus
1477 1760 1685 1832 subuenire.
1725 1771 1762 1832 et

384 1866 540 1936 maxime
568 1863 637 1932 hiie
662 1885 757 1956 quaa·
776 1859 1034 1954 progenitores
1060 1865 1176 1932 noetri
1201 1862 1446 1942 fundauerunt
1471 1869 1601 1952 etper
1618 1858 1761 1946 neredi-

384 1975 499 2034 tatem
533 1983 660 2032 eorum
692 1963 816 2043 diuine
851 1963 1152 2033 remunerationis
1187 1963 1320 2032 intuitu
1344 1963 1563 2034 dotauerunt
1594 1959 1761 2032 fidelitati

1893 1855 1896 1974 i

386 2074 448 2133 tue
473 2061 682 2132 mandamus
709 2063 777 2132 enb
800 2083 891 2152 pena
917 2060 1031 2150 gratie
1058 2074 1180 2132 nostre
1207 2063 1368 2132 districte
1393 2059 1649 2158 precipientes.
1676 2083 1763 2152 qua·
1895 2081 1896 2092 ¹

388 2175 492 2232 tenue
525 2162 694 2230 uniuersa
726 2164 822 2229 bona
856 2160 1004 2228 olauetri
1037 2161 1080 2228 do
1109 2163 1339 2252 staingadern
1373 2173 1410 2230 et
1444 2159 1597 2229 fratrum
1621 2160 1760 2232 ibidem
1806 2249 1809 2254 Ι
1894 2227 1896 2240 ,

388 2264 456 2332 deo
481 2262 713 2330 militantium
737 2261 804 2330 sub
830 2269 992 2329 nostrata
1019 2269 1054 2330 et
1081 2261 1230 2362 imperii
1257 2261 1410 2350 reeipiae
1436 2259 1698 2349 protectionem
1723 2271 1760 2332 et

378 2369 602 2454 potestatem
627 2381 699 2428 non
726 2360 966 2451 permissurus
993 2359 1087 2428 aaut
1111 2361 1156 2428 de
1177 2374 1308 2429 -noetra
1332 2359 1624 2449 confidis-gratia
1646 2360 1759 2452 -quod

385 2459 598 2531 nominatim
624 2459 832 2550 prepositae
856 2458 904 2526 de
928 2459 1188 2529 Reitembvooh
1203 2463 1274 2530 uei
1300 2460 1392 2530 aliua
1417 2459 1617 2553 quiequam*
1635 2459 1760 2550 damp-

384 2581 472 2630 num
498 2555 549 2628 eie
577 2559 716 2650 irroget
740 2561 800 2628 uei
826 2579 1032 2654 grauamen.
1060 2561 1157 2629 bona
1182 2569 1218 2627 et
1243 2556 1415 2629 terminos
1443 2581 1570 2628 eornm
1596 2580 1689 2651 eque
1713 2560 1760 2628 ei·

386 2669 448 2728 eut
473 2660 717 2727 bonanoetra
740 2652 971 2726 defensando.
996 2668 1032 2725 et
1057 2659 1092 2727 id
1120 2661 1237 2751 ipsum
1263 2659 1486 2728 faciendum·
1505 2679 1552 2727 ex
1577 2659 1767 2749 pantena-¹

386 2768 461 2828 atra
486 2756 647 2827 officiatia
671 2759 738 2828 sub
755 2768 790 2826 te
809 2757 1012 2825 constitutis
1041 2757 1218 2850 iniungat.
1238 2759 1399 2852 alioquin
1416 2779 1567 2850 grauem
1584 2755 1757 2828 offensam

383 2868 543 2930 nostram
571 2867 605 2926 te
632 2854 779 2959 nouerit
805 2858 1046 2947 incursorum.
1122 2923 1138 2963 .=

401 3067 404 3072 “
482 3057 615 3124 Datum
647 3055 745 3146 apud
770 3053 1007 3124 Nvorenbere
1037 3075 1095 3123 xv.
1146 3051 1336 3134 Kalendae.
1390 3051 1608 3122 Nouembris
1642 3052 1759 3124 indie·

386 3157 485 3226 tione
510 3152 572 3243 κῇ.

450 3399 483 3476 a)
510 3388 620 3478 Sigilli
644 3409 663 3452 a
688 3399 776 3478 tergo
800 3391 943 3474 appreeei
970 3363 1188 3454 minutissima
1214 3389 1367 3471 quaedam
1391 3409 1464 3474 pare
1480 3401 1578 3454 restat
1593 3411 1668 3454 cum
1684 3413 1753 3480 eeg-

508 3502 617 3553 manto
644 3487 897 3566 membranaceo,
922 3492 1013 3553 cuiue
1040 3511 1100 3570 ope
1126 3489 1332 3558 membranae
1357 3491 1543 3554 adstrictum
1560 3503 1637 3568 erat,
1665 3513 1753 3555 cnm·
1857 3523 1864 3530 ·

502 3611 564 3673 qua
590 3588 716 3652 macula
742 3611 831 3652 cerae
856 3590 961 3652 adhuc
986 3588 1169 3670 conspicua.

447 3743 484 3830 d)
507 3747 619 3808 Annua
637 3742 710 3808 Chr.
736 3763 802 3805 non
819 3752 868 3806 eat
883 3763 1064 3823 expressae,
1093 3761 1186 3824 quem
1204 3751 1311 3804 tamen
1329 3741 1465 3804 indictio
1477 3741 1559 3820 XII„
1575 3741 1634 3807 eub
1648 3743 1751 3806 Hein-

504 3845 569 3908 rieo
585 3843 652 3906 vu.
671 3861 746 3930 rege
761 3841 864 3906 eernel
879 3852 1003 3904 tanturn
1022 3851 1052 3903 et
1076 3841 1205 3922 quidem
1231 3859 1283 3904 an.
1315 3851 1407 3908 1224.
1433 3861 1602 3908 occurrens
1618 3843 1748 3908 indicat.

449 4003 475 4082 e)
503 3997 677 4061 ineditum.
739 4003 745 4009 '
