3746 4720
356 341 442 434 338
734 335 986 454 Diplomata
1015 332 1327 450 Imperatorum

359 595 454 684 ent;
485 567 655 687 quando
685 569 842 658 iudicio
873 567 1113 686 principum
1138 567 1192 657 de
1223 561 1441 658 aduocatis
1471 571 1647 658 civitatis
1680 603 1725 658 sa

247 770 252 778 ,
303 759 306 769 .
357 687 658 796 intromittent,
687 688 1027 776 nullumeidem
1055 687 1298 776 advocatiae
1327 691 1420 774 vice
1445 691 1554 796 sua,‘
1575 689 1655 776 nisi
1673 689 1728 776 ad

359 809 513 898 festam
542 807 654 896 beati
687 807 860 922 Georgii
891 807 1162 922 proximum,
1193 826 1453 916 proponent3
1482 806 1608 893 simul
1637 807 1729 922 pri·

359 927 511 1044 silegia
538 927 712 1040 antiqua
742 923 1055 1010 conservabunt
1084 943 1127 1010 et
1154 921 1428 1012 nihilominus
1458 943 1544 1010 tres
1579 923 1729 1010 defen-

221 1133 226 1140 .
358 1074 500 1150 sores,
542 1043 649 1130 duos
680 1043 722 1128 in
750 1041 965 1145 Bassaris,
1006 1068 1141 1126 unum
1178 1041 1221 1125 in
1253 1041 1429 1146 Suesia,
1467 1043 1511 1127 in
1542 1032 1730 1128 ebsentia

357 1191 449 1266 sua,
480 1159 770 1276 deputabunt3
800 1159 973 1274 insuper
992 1159 1257 1275 promittunt,
1286 1160 1536 1274 pensionem
1560 1177 1734 1244 trecens
1868 1183 1870 1270 f

303 1353 307 1362 .
359 1277 738 1370 tarum-librarum
766 1278 1122 1392 Augustedsium,
1163 1276 1325 1360 ratione
1355 1277 1481 1361 huius
1514 1274 1728 1362 defensio-

442 1397 531 1500 nis,
562 1426 608 1482 se
630 1419 1033 1510 ‘quocunquecasu
1063 1409 1326 1505 emergente,
1358 1393 1500 1479 medio
1532 1411 1642 1478 tem-

391 1537 395 1546 ·
602 1523 604 1528 ’
812 1539 918 1630 pore
949 1510 1062 1596 nolle
1092 1537 1262 1626 augere.

359 1677 609 1822 Cilonradus
637 1745 820 1818 Secundus
852 1743 911 1816 dei
943 1744 1060 1840 gratia
1085 1747 1286 1817 Jerusalem
1319 1754 1354 1814 et
1381 1743 1512 1838 Syailie
1546 1745 1624 1815 Rex
1657 1743 1729 1814 dux

356 1856 513 1926 Sweuie.
566 1859 759 1932 Lodwicus
787 1861 911 1930 eadem
930 1861 1055 1931 Gratia
1071 1862 1213 1932 Clomes
1241 1865 1395 1945 (comes)
1417 1861 1596 1952 palatinus
1612 1861 1729 1928 Rheni

357 1955 431 2027 dux
456 1957 634 2028 Bassaris.
685 1960 831 2052 Scripta
857 1964 1018 2053 presenti
1044 1959 1185 2032 dilectis
1217 1961 1350 2031 nostris
1382 1959 1610 2030 uniuersiteti
1637 1960 1731 2028 Ciui-

356 2077 418 2126 una
436 2057 715 2147 augustensium
743 2062 957 2153 profitemur
975 2063 1073 2157 quod
1090 2083 1157 2132 nos
1175 2063 1338 2152 ipsorum
1357 2061 1631 2152 rationabilibus
1652 2080 1730 2151 pre·
1762 2096 1769 2104 ·

358 2155 461 2226 cibus
493 2159 655 2230 inclinati
688 2163 834 2232 eosdem
866 2163 983 2232 donec
1016 2163 1292 2251 adproximant
1319 2159 1452 2229 fastum
1479 2161 1576 2234 beati
1603 2159 1728 2249 Georij

356 2278 454 2326 nuno
480 2270 692 2349 venturum,
720 2273 755 2330 et
780 2262 909 2330 exinde
936 2285 1002 2354 per
1027 2273 1101 2332 tres
1128 2283 1242 2356 annos
1268 2262 1459 2334 continuos
1486 2271 1659 2354 quantum
1686 2259 1732 2328 ad
1796 2268 1798 2276 ’
1864 2244 1870 2261 ’

357 2377 417 2426 res
443 2377 616 2446 personas
641 2381 703 2430 ser
728 2357 807 2430 iura
833 2362 996 2431 Ciuitatis
1022 2362 1183 2453 predicte
1210 2362 1246 2429 in
1272 2369 1434 2432 nostram
1467 2359 1730 2451 protectionem

240 2523 242 2531 ,
358 2455 551 2544 specialem
577 2462 789 2550 recepimus.
817 2461 953 2529 eisdem
979 2473 1104 2530 contra
1130 2463 1311 2554 quaslibet
1336 2461 1526 2530 uiolentius
1557 2459 1731 2526 auxilium

356 2555 555 2645 prestiturj,
582 2558 659 2628 siue
685 2569 769 2651 post
794 2559 1015 2629 decisionem
1040 2563 1270 2654 questionum
1290 2582 1380 2655 quas
1398 2581 1479 2628 cum
1497 2559 1629 2629 dilecto
1650 2576 1733 2628 con·

327 2675 331 2686 ·
358 2657 556 2745 sanguineo
582 2667 708 2744 nostro
733 2658 932 2730 venerabili
954 2671 1059 2752 'patra
1085 2662 1232 2730 domino
1258 2663 1481 2744 Hartmaono
1507 2665 1731 2750 Augustanos

355 2757 603 2846 (augustensi)
632 2759 813 2859 Episcopo
840 2761 884 2831 ad
910 2783 1059 2854 presens
1085 2759 1259 2834 habemus
1285 2762 1363 2831 siue
1396 2761 1505 2830 etiam
1538 2771 1622 2830 ante
1655 2781 1732 2828 eas·

322 2911 328 2926 .
357 2853 439 2924 dem
474 2859 668 2949 contigerit
701 2857 871 2951 irrogari.
902 2865 1066 2934 nolentes
1093 2859 1285 2932 Ciuitatem
1317 2861 1379 2930 uel
1405 2861 1513 2930 Ciues
1550 2859 1732 2950 supradic-

354 2964 413 3023 tos
439 2957 516 3027 siue
544 2981 610 3049 pro
636 2957 753 3045 nobis,
779 2963 856 3031 siue
881 2959 1146 3053 proEpiscopo
1172 2972 1372 3031 memorato
1393 2961 1430 3036 in
1447 2959 1558 3031 rebus
1575 2961 1731 3062 uelper·

355 3055 454 3123 sonis
481 3059 555 3126 suis
583 3057 680 3125 infra
703 3071 848 3127 nostros
874 3057 1058 3130 districtus
1084 3061 1273 3130 occasione
1300 3060 1546 3154 cuiuscunque
1567 3058 1731 3150 pignoris

356 3151 520 3222 detineri.
573 3153 810 3226 concedimus
834 3153 983 3248 insuper
1009 3160 1159 3230 Ciuibus
1185 3160 1404 3232 memoratis.
1431 3181 1477 3228 ne
1505 3183 1527 3228 a
1547 3179 1733 3252 quoquam

356 3251 401 3320 de
427 3253 635 3324 hominibus
660 3256 792 3326 nostris
818 3256 886 3324 nisi
913 3257 980 3326 sub
1006 3257 1186 3330 iudicibus
1213 3259 1306 3330 infra
1326 3261 1516 3328 Ciuitatem
1544 3259 1660 3350 ipsam
1683 3259 1734 3326 iu·

355 3351 559 3424 dicentibus
584 3356 726 3424 valeant
751 3357 1043 3460 conuenirj‘viee
1069 3381 1175 3430 uersa
1201 3357 1232 3430 si
1257 3360 1451 3456 quiequam
1478 3359 1734 3428 contrahenti-

355 3474 421 3522 nes
447 3465 589 3524 nostros
614 3455 806 3528 habuerint
831 3459 898 3528 sub
925 3460 1058 3530 nostris
1083 3459 1261 3532 iudicibus
1286 3459 1508 3552 responsuri.
1560 3456 1733 3528 volentes

355 3563 397 3620 ut
423 3554 525 3647 siqua
551 3555 594 3626 tls
621 3558 730 3628 rebus
755 3561 814 3628 uel
841 3562 1006 3652 personis
1033 3561 1231 3631 eorundem
1257 3561 1447 3632 occasione
1470 3558 1638 3652 pignoris
1675 3559 1733 3626 uel

355 3648 597 3725 fideiussionis
625 3681 644 3732 a
670 3679 900 3752 quocumque
927 3661 970 3728 de
996 3659 1129 3731 nostris
1156 3661 1363 3730 detinentur
1388 3659 1434 3730 ad
1460 3679 1648 3750 personas,
1674 3659 1733 3726 nel

263 3813 266 3818 .
356 3763 443 3842 post
467 3757 535 3824 beo
560 3757 654 3826 infra
678 3759 835 3850 spatium
861 3761 1106 3852 supradictum
1134 3761 1290 3831 detineri
1314 3759 1506 3851 eontigerit
1531 3760 1569 3826 in
1599 3767 1732 3827 statum

356 3850 550 3942 pristinum
576 3860 752 3931 reuocari.
782 3861 1029 3930 detentoribus
1056 3861 1152 3952 ipsis*
1170 3883 1293 3932 coram
1308 3860 1488 3929 indicibus
1506 3857 1665 3927 ciuitatis
1684 3853 1735 3926 iu·

357 3951 492 4021 stitiam
518 3960 729 4051 recepturis.
781 3961 963 4030 Tollentes
989 3981 1115 4032 omnes
1140 3957 1282 4055 iniquas
1308 3962 1514 4032 exactiones
1536 3979 1608 4052 que
1626 3959 1731 4050 selgo

358 4049 529 4124 dicuntur
556 4062 677 4152 vngelt
703 4081 771 4154 per
797 4061 1046 4154 supradictum
1072 4061 1290 4154 Episcopum
1314 4064 1372 4132 vel
1399 4061 1509 4132 alium
1527 4075 1732 4156 quemnam·
