3746 4720
719 275 984 372 Anthemius.

700 591 999 706 :DCCClV.

399 775 492 890 dnae
521 820 618 894 1266.
667 819 716 894 ¹6·
743 822 856 908 nprttt
906 823 942 888 in
970 823 1107 890 claustro
1133 825 1290 892 Wilntln.

21 1071 22 1074 ι
159 1017 411 1126 Corradus,
439 1022 569 1136 vulgo
602 1017 892 1128 Conradinus,
921 1019 1157 1110 Jerusalem
1186 1042 1228 1110 et
1245 1021 1408 1108 Siciliae
1438 1049 1532 1128 rex,

159 1137 342 1256 Suspiae
356 1085 481 1250 dlix,
511 1137 747 1226 Lodewico
769 1141 914 1226 comiti
928 1138 1116 1227 Palatino
1135 1138 1296 1244 Rheni,
1327 1138 1426 1224 duci
1447 1138 1532 1224 Ba·-

157 1243 343 1360 suariae,
375 1247 586 1343 avunculo
616 1281 695 1340 suo
727 1275 771 1340 et
800 1255 1041 1362 educatori,
1074 1287 1223 1344 omnes
1252 1249 1530 1372 proprietates

157 1401 252 1460 eoas
284 1373 333 1460 in
361 1373 692 1511 quibuscunque
721 1373 846 1458 terris
876 1375 990 1481 sitas,
1020 1404 1045 1459 a
1074 1373 1403 1490 quibuscunque
1428 1401 1530 1484 pro-

155 1491 486 1605 genitoribus,
470 1519 570 1605 Jure
598 1487 903 1598 haereditario,
936 1490 991 1578 ad
1021 1521 1066 1577 sc
1097 1489 1404 1597 devolutas,
1370 1522 1407 1577 ss
1431 1491 1530 1578 abs*

153 1636 237 1722 que
266 1605 528 1695 haeredibus
559 1607 769 1695 decedere
798 1609 1041 1724 contigerit,
1071 1609 1230 1744 pleno
1218 1638 1312 1695 rure
1336 1609 1529 1723 proprie·

150 1727 241 1812 tatis
272 1725 421 1832 donat,
452 1755 502 1812 ea
532 1723 786 1862 conditione,
816 1744 866 1838 ut
895 1727 1084 1813 consorti
1105 1753 1221 1831 suas,
1252 1728 1421 1840 siquam
1445 1724 1528 1811 du·-

152 1845 295 1950 serit,
312 1853 353 1928 e't
381 1844 424 1928 in
453 1843 749 1931 remissionem
779 1861 1054 1954 peccatorum
1082 1871 1275 1979 suorum,
1310 1842 1429 1978 quod
1446 1844 1525 1927 sibi

153 1961 382 2068 placuerit,
425 1957 527 2046 dare
564 1960 718 2078 possit,
754 1957 934 2048 demum
970 1962 1177 2072 promittit
1216 1962 1357 2047 omnia
1394 1959 1525 2046 feuda

146 2153 154 2164 .
259 2073 404 2164 eidem
433 2077 645 2168 avunculo
675 2103 755 2164 suo
783 2106 809 2162 a
840 2075 1020 2198 dominis
1051 2075 1282 2166 feudorum
1312 2103 1416 2190 pro-

759 2220 921 2286 curare.

156 2351 208 2486 ln
231 2371 381 2490 nomine
407 2430 528 2490 sancte
556 2428 591 2490 et
616 2415 802 2494 indiuiduo
821 2421 1006 2496 Trinitatis
1032 2425 1156 2496 Amen.
1208 2418 1445 2494 Chronnadns
1463 2419 1526 2490 Se·

155 2531 286 2602 condus
313 2533 373 2602 dei
399 2536 516 2628 gratia
540 2535 740 2606 Jerusalem
766 2548 802 2607 et
828 2539 961 2631 Sycilis
987 2540 1068 2609 Rex
1092 2539 1236 2608 Sweuie
1252 2541 1346 2608 Dux.
1387 2537 1434 2605 Vt
1453 2537 1525 2604 sin·

21 2731 23 2740 ‚
71 2697 76 2702 .
155 2631 240 2700 seris
266 2634 515 2704 beniuolentie
540 2635 728 2705 fauoribus
754 2639 886 2728 quibus
910 2659 977 2708 nos
993 2639 1211 2708 Rarissimus
1226 2637 1434 2707 Auunculus
1458 2653 1526 2702 no·

154 2737 223 2798 ster
254 2731 474 2803 Lodswicns
506 2734 654 2804 lnclitus
690 2735 818 2804 Comes
843 2735 1026 2806 Palatinus
1051 2737 1181 2806 Rheni
1229 2737 1313 2804 Dux
1344 2733 1519 2804 ttawaris.

151 2833 305 2918 paternis
331 2833 520 2904 affectibus
544 2843 728 2928 tamquam
754 2835 867 2905 filium
885 2836 1031 2908 unicum
1049 2832 1219 2907 educauit
1236 2831 1523 2926 respondeamus

149 2923 355 3017 liberaliter,
382 2931 528 3004 eosdem
554 2930 847 3004 remuneratione
872 2933 995 3006 debita
1015 2945 1052 3006 et
1069 2936 1199 3006 merita
1216 2931 1521 3016 transcendentes,

149 3023 284 3100 'l'enors
311 3033 536 3126 presentium
561 3034 740 3105 uniuersis
766 3036 901 3106 Christi
928 3027 1094 3106 fidelibui
1119 3033 1349 3128 presentibus
1368 3042 1404 3102 et
1426 3030 1522 3100 iutu-

150 3127 207 3198 ris.
231 3138 358 3202 notum
384 3131 466 3203 fieri
491 3136 668 3204 volumus.
695 3133 794 3228 quod
819 3155 885 3204 nos
910 3133 1031 3206 eidem
1054 3138 1244 3207 auunculo
1273 3145 1398 3205 nostro
1425 3129 1521 3200 Lod·

150 3227 296 3314 terrico)
323 3251 447 3301 omnes
473 3235 713 3325 proprietates
738 3246 881 3306 nostras
907 3236 946 3304 in
970 3235 1258 3329 quibuscumque
1284 3234 1392 3305 terris
1420 3231 1519 3301 sitas.

150 3325 192 3394 ad
222 3351 286 3400 nos
322 3331 542 3422 generaliter
573 3343 611 3402 et
634 3333 841 3425 specialiter
864 3355 887 3403 a
912 3331 1200 3444 quibuscumque
1224 3333 1359 3404 nostris
1386 3349 1518 3421 proge-

150 3423 324 3500 nitoribus
350 3453 396 3512 on
420 3431 499 3501 iure
526 3431 749 3519 hereditario
775 3444 812 3502 et
837 3435 1083 3525 proprietario
1109 3423 1320 3518 deirolutas,
1347 3451 1428 3500 cum
1444 3449 1519 3500 our·

144 3523 251 3596 nibus
276 3529 484 3601 hominibus
509 3531 708 3602 maioribus
733 3541 769 3602 et
788 3533 1003 3620 minoribus,
1026 3535 1188 3623 iuribus,
1217 3533 1437 3615 Honoribus,
1460 3527 1520 3598 Di·

151 3624 363 3716 gnitatibus,
390 3632 568 3701 Dominiis
592 3642 793 3721 terrarum,
819 3584 1034 3722 Ciuitaturb,
1054 3637 1283 3719 Castrorum,
1302 3630 1519 3724 Opidorurn,

152 3728 390 3829 quorumtibet
415 3741 451 3800 et
474 3733 662 3820 villarum,
691 3753 759 3802 nec
786 3755 859 3803 non
885 3732 967 3804 aliis
991 3735 1101 3806 bonis
1127 3743 1162 3804 et
1188 3735 1315 3819 rebus,
1351 3729 1456 3800 cultis
1482 3735 1519 3796 st

37 3899 43 3908 .
150 3812 308 3910 incultis,
344 3830 497 3946 quesitis
522 3841 558 3900 et
583 3831 819 3924 inquirendis
871 3835 996 3926 Agris,
1023 3835 1166 3920 Pratis,
1199 3830 1363 3912 Ριιιιιιὶι,ι
1396 3828 1517 3914 Situis,

152 3917 214 3989 viis
239 3927 308 3995 et'
299 3925 428 4015 inviis,
463 3935 648 4022 niquarum
674 3931 886 4005 decursibus
912 3945 949 4004 et
974 3934 1193 4026 generaliter
1217 3930 1384 4006 omnibns
1409 3927 1518 4020 perti·

154 4023 324 4114 uertite,
313 4051 352 4098 ιιι
379 4029 510 4124 quibus
536 4038 612 4106 taut
631 4031 740 4113 nobis
766 4055 874 4130 msam
899 4033 1197 4130 progenitoribus
1222 4028 1369 4119 nocuis,
1392 4024 1488 4100 Jus
1478 4045 1517 4094 ιιι
