3884 4726
635 315 658 336 '⁴
737 261 864 440 episc.
899 324 1041 412 Paean
1218 285 1253 362 .-
1493 337 1576 446 189
1619 335 1652 394 Γ

195 551 400 652 quittamus.
457 555 591 626 Verum
624 559 805 627 intellecta
840 559 934 628 mole
974 557 1224 652 grsuaminum
1258 581 1329 653 que
1367 583 1436 652 pro
1471 575 1594 654 partc'

150 661 156 666 ’
193 654 501 754 ipsius'Episcopi
526 679 647 728 corum
675 659 821 728 domino
839 668 979 730 xnostro
1014 657 1170 752 summo
1194 659 1360 748 pontifice
1393 661 1502 732 bodie
1534 666 1572 733 in

191 757 570 827 concistorio‘extitit
611 760 792 848 exposita,
834 759 987 827 eundern
1021 762 1241 850 Episcopum
1277 761 1322 828 ad
1360 761 1597 832 soluendum·

191 860 495 946 complementum
521 856 576 925 sui
603 859 803 946 communis
828 859 971 950 seruicy
986 881 1124 928 necnon
1148 860 1308 950 quinque
1333 862 1608 952 seruiciornm.

135 962 139 969 '
190 953 423 1026 familiarium
449 957 649 1026 reddebant
673 970 709 1026 et
735 959 850 1026 adhuc
877 960 1031 1032 reddunt
1056 959 1304 1028 uerisimiliter
1335 961 1571 1051 impotentem
1645 1021 1648 1028 .

184 1057 335 1150 adque
367 1057 542 1125 soluenda
573 1058 708 1126 dudum
740 1060 808 1124 sub
840 1061 949 1126 certis
982 1059 1084 1149 penis
1117 1056 1302 1128 sententiis
1343 1083 1383 1127 ac
1416 1063 1572 1134 termino
1601 1141 1606 1148 Ι
1735 1027 1749 1096 '¹

9 1259 17 1266 ι
62 1211 82 1228 ,.
192 1156 265 1226 iam
290 1158 411 1247 elapso
438 1177 476 1224 se
512 1170 639 1248 sponte
673 1168 709 1226 et
740 1159 856 1225 libere
891 1155 1088 1246 obligauit
1101 1157 1156 1230 de'
1179 1157 1324 1275 speciali
1359 1157 1500 1230 licentis
1538 1171 1573 1230 et

193 1277 363 1347 expresso
388 1257 555 1324 mandato
582 1235 742 1348 eiusdem
767 1255 906 1345 dominj
941 1261 1055 1326 nostri
1084 1260 1213 1326 summi
1248 1258 1424 1349 pontificis
1458 1282 1573 1352 usque

144 1361 158 1378 ³
194 1356 239 1424 ad
265 1358 469 1446 proximum
504 1339 635 1426 festum
662 1356 896 1424 dedicationis
928 1357 1024 1424 besti
1058 1359 1245 1450 Michaelis
1276 1359 1470 1426 terminum
1497 1359 1573 1428 Sibi

192 1453 359 1548 duximus
385 1455 657 1546 porrogandum
667 1456 987 1550 (prorogandum).
1037 1459 1087 1526 Ita
1113 1458 1342 1548 tamenquod
1368 1459 1397 1526 ei
1422 1458 1573 1527 indicto

193 1555 271 1626 Sibi
287 1566 494 1646 perrogato
521 1561 755 1646 (prorogato)
782 1555 937 1623 termino
965 1578 1036 1623 non
1064 1557 1275 1627 satisfecerit
1309 1557 1353 1624 de
1387 1559 1573 1648 premissis
1613 1633 1620 1640 ‚

67 1681 70 1684 ·
193 1654 231 1722 in
255 1677 366 1744 penas
392 1666 426 1722 et
452 1654 646 1724 sententies
671 1657 820 1769 quibus·
833 1654 1025 1724 tenebatur
1048 1667 1152 1728 sntea
1179 1654 1371 1725 relabatur.
1425 1660 1574 1747 Insuper

193 1750 312 1845 ipsum
345 1756 562 1846 Episcopum
598 1779 619 1824 a
657 1755 903 1846 suspensionis
938 1755 1309 1836 excomunicationis
1321 1767 1357 1822 ct
1389 1757 1573 1826 interdicti

193 1855 377 1924 sententiis
404 1866 572 1924 screatu
600 1857 749 1946 perinry
775 1866 811 1922 et
849 1856 928 1922 aliis
961 1854 1076 1946 penis
1098 1856 1195 1974 quod
1231 1865 1266 1922 ct
1300 1875 1388 1950 quas
1422 1857 1574 1924 incurrit

193 1964 344 2068 propter
368 1954 583 2023 solutionem
610 1954 763 2044 predicti
790 1975 857 2045 per
882 1977 963 2021 eum
992 1956 1170 2044 promissi
1184 1955 1327 2054 seruicy
1343 1976 1415 2023 non
1441 1952 1584 2034 factam

105 2033 110 2056 ¹
192 2051 231 2122 in
257 2055 412 2122 termino
438 2052 506 2121 sibi
536 2054 720 2142 assignato
746 2054 958 2121 auctoritate
993 2077 1065 2144 qua
1099 2039 1286 2142 fungimur
1311 2054 1477 2122 duximus
1512 2055 1573 2122 ab·

192 2153 514 2222 ostendente
550 2175 703 2244 quorum
739 2153 899 2220 omnium
936 2151 1181 2222 testimonium
1215 2163 1401 2264 presentes
1434 2151 1573 2222 litteras

193 2253 344 2320 fecimus
378 2253 456 2321 ficri
495 2263 530 2320 et
564 2253 676 2350 nostri
715 2251 824 2338 sigilli
864 2252 1084 2340 appensione
1124 2249 1458 2336 manutentum
1491 2251 1572 2318 Aui-

194 2353 303 2422 nione
330 2349 388 2420 die
413 2350 583 2424 uicesimo
609 2361 707 2420 sexte
735 2347 866 2419 mensis
891 2349 1035 2442 Aprilis
1089 2353 1191 2418 Anno
1217 2347 1363 2438 dominj
1381 2351 1573 2420 Millesimo
1621 2423 1623 2434 ,

192 2453 456 2520 Trecentesimo
481 2443 759 2567 quadragesimo
787 2459 887 2519 sexto
911 2445 1118 2522 indictione
1153 2448 1432 2566 quartadecima.
1486 2441 1574 2520 Pon·

150 2541 152 2546 ¹
193 2550 347 2620 titicatus
387 2549 598 2640 sanctissimj
641 2551 678 2616 in
714 2551 856 2617 Christo
895 2553 1006 2640 patris
1041 2562 1079 2618 et
1116 2545 1252 2636 dominj
1288 2550 1403 2620 nostri
1437 2547 1572 2619 domini

7 2707 9 2714 ,
86 2670 99 2692 ¹
195 2651 385 2722 Clementis
410 2650 535 2720 diuina
559 2647 785 2754 prouidentia
810 2671 914 2741 popo.
942 2651 990 2740 vj.
1015 2648 1123 2722 Anno
1149 2651 1298 2748 Quarto.

619 3023 621 3028 ’
614 2991 1084 3196 cccxxxiii

194 3287 347 3374 Kaiscr
375 3231 562 3400 Ludwig
592 3284 766 3371 befiehlt
795 3286 937 3370 seinen
968 3281 1232 3385 Amtleuten,
1263 3278 1338 3366 des
1357 3223 1576 3373 Peseauer
1624 3255 1629 3262 .

240 3402 519 3519 Domkepitel
545 3405 615 3490 bei
645 3405 790 3490 seiuen
820 3401 1013 3602 iiiihim
1042 3402 1131 3488 und
1160 3398 1471 3552 Bcfugnisscu
1470 3427 1562 3484 zu
1593 3483 1597 3493 ,

260 3551 263 3559 ’
785 3548 832 3602 er
864 3537 974 3609 alen
1231 3547 1234 3554 ’

565 3687 806 3802 Ιιιῑιιιιιιιῐιιιι.
835 3749 928 3804 1347.
982 3749 1009 3804 1
1036 3737 1139 3798 Mart.

202 3827 341 3998 We
338 3913 553 4020 Lusiozoig
576 3947 665 3994 von·-
661 3927 788 3994 cotes
819 3860 985 4016 genaden
1010 3923 1223 3993 Romischer
1255 3858 1408 3990 ldiser
1403 3937 1474 3984 rs
1483 3918 1576 3986 allen

196 4043 314 4112 seiten
344 4039 467 4111 uterer
493 4033 561 4112 dds
591 4041 764 4126 Reiche's',
800 4033 973 4109 Enbietcn
1007 4042 1119 4130 allen
1126 4043 1285 4107 Νιιιιιιι
1281 4023 1573 4124 cmptluuten..
