3870 4718
721 301 967 418 Diplomata
992 267 1307 420 ¹Imperatorum

449 536 668 626 fragmentum
693 537 819 605 notiori
843 545 988 632 tempore
1010 542 1137 605 sacculo
1164 545 1286 610 corisco
1313 544 1494 626 inclusum,
1519 569 1609 614 nnnc
1632 571 1697 616 sec

436 637 525 710 ,culo
550 651 679 720 aperto,
703 641 1115 706 solummodcinrclntum
1137 654 1200 724 cat.

390 821 419 906 b)
445 821 582 886 indictio
609 823 778 906 respondet
802 846 889 890 anno
910 823 986 888 Chr.
1014 837 1107 903 1213,
1134 826 1186 888 cui
1212 841 1389 892 consonant
1412 839 1480 892 tum
1499 839 1625 914 ,tempus
1641 834 1692 894 ed-

447 932 563 988 ventus
588 923 744 986 Friderici
769 925 810 987 11.
837 927 873 988 in
900 926 1119 1002 Germaniam,
1147 939 1215 990 tum
1241 929 1347 1008 prima
1373 929 1441 1002 eius
1468 931 1556 994 curia
1580 932 1696 996 solem·

446 1027 497 1089 nie
522 1024 559 1086 in
584 1023 806 1105 purificatione
831 1027 873 1090 B.
897 1025 1021 1088 Marino
1048 1025 1134 1112 Virg.
1160 1027 1353 1092 Ratisbonae
1379 1029 1546 1093 celebrata.
1610 1024 1695 1096 Nem

447 1123 625 1186 Fridericus
650 1126 713 1199 11„
749 1137 858 1186 exacto
891 1122 994 1212 longo·
1014 1143 1050 1188 ac
1076 1126 1259 1206 periculoso.
1287 1127 1421 1204 itinere,
1458 1131 1588 1194 demum
1622 1145 1696 1216 poet

444 1223 589 1286 'medium
607 1223 826 1304 Septembrem
853 1224 932 1286 enni
960 1235 1059 1290 1212.
1074 1226 1282 1288 Germaniam
1309 1229 1424 1316 attigit,
1451 1249 1487 1288 ac
1503 1231 1695 1318 Mogontiae

444 1322 538 1386 initio
565 1323 685 1388 mensis
698 1323 885 1394 Decembris
902 1341 961 1388 rex
975 1325 1168 1388 Germaniae
1184 1327 1337 1392 salutatus
1355 1350 1391 1390 oc
1407 1342 1573 1392 coronatus
1590 1333 1695 1414 prima

443 1421 572 1486 comitis
598 1423 758 1486 solemnio
782 1423 977 1488 Retisbcnec
1004 1425 1136 1503 babuit,
1171 1439 1249 1494 teste
1273 1427 1424 1492 chronico
1449 1434 1581 1518 August
1600 1432 1695 1513 *opud

445 1525 558 1586 Struv.
581 1543 666 1602 corp.
694 1523 768 1588 hist.
793 1545 825 1604 p.
853 1535 936 1598 451,
960 1525 996 1584 in
1023 1527 1138 1608 quibus
1164 1527 1225 1590 hoc
1250 1525 1391 1609 diploma
1417 1532 1525 1594 datum
1545 1544 1600 1596 est.
1631 1536 1694 1594 An-

442 1622 481 1684 ni
506 1620 601 1684 etiem
626 1642 802 1707 regnorum
831 1621 1015 1694 Germanici
1048 1643 1084 1686 sc
1108 1625 1209 1686 Siculi
1244 1641 1406 1690 currentes
1444 1629 1579 1690 indicati
1612 1651 1693 1694 nou·

442 1722 506 1785 nisi
533 1741 620 1784 anno
647 1721 720 1784 Chr.
753 1733 838 1788 1213
868 1721 1077 1788 conveniunt.
1127 1723 1178 1785 Ex
1204 1745 1266 1804 quo
1292 1738 1380 1812 patet
1405 1746 1528 1788 annum
1554 1727 1630 1792 Chr.
1655 1728 1692 1788 iu

443 1822 504 1886 hcc
530 1820 744 1888 instrumento
771 1834 916 1888 notatum
943 1843 984 1884 ex
1009 1821 1129 1886 calculo
1155 1823 1279 1896 Italico,
1305 1826 1387 1888 dicto
1413 1825 1612 1903 Florentino,
1639 1827 1693 1890 de-

444 1915 609 2003 sumptum
634 1932 726 1999 csse,'
759 1924 815 2008 qui
840 1922 943 1988 tribus
970 1923 1135 1988 mensibus
1159 1934 1230 2004 post
1256 1925 1410 1987 Natalitie
1435 1925 1587 2002 Domini,
1630 1947 1692 2010 quo

444 2021 599 2086 Germani
621 2021 752 2086 initium
778 2023 858 2088 anui
883 2024 1050 2102 duxerant,
1077 2022 1234 2086 nimirum
1251 2035 1309 2094 25.
1329 2026 1428 2090 Mart.
1449 2047 1573 2090 cunum
1594 2048 1690 2092 surum

425 2120 652 2203 incipiebant.

388 2307 415 2384 c)
442 2301 574 2366 Editum
610 2301 781 2366 iuuHund.
817 2315 909 2368 metr.
934 2304 976 2368 11.
1001 2303 1085 2368 Edit.
1113 2303 1244 2368 Monac.
1275 2314 1346 2373 180.
1379 2315 1449 2373 181.
1478 2304 1551 2368 edit.
1570 2305 1691 2371 Retisb.

445 2413 520 2468 124.
554 2401 771 2488 125..Liinig.
798 2402 944 2492 spicileg.
971 2403 1082 2469 eccles.
1110 2403 1169 2466 ΠΙ.
1194 2405 1303 2468 Theil.
1336 2401 1387 2472 16.
1414 2405 1503 2466 Koch
1528 2427 1562 2468 v.
1584 2405 1691 2467 Stern-
1729 2461 1733 2470 .

442 2497 509 2563 feld
534 2501 690 2587 salzburg
724 2501 792 2562 und
824 2503 1080 2591 Berchtcsgrden
1114 2504 1159 2567 11.
1196 2515 1250 2586 39.
1286 2527 1377 2569 num.
1403 2515 1457 2570 21.
1485 2525 1524 2568 ex
1551 2505 1691 2586 „Bercb-

441 2602 620 2688 tesgadens.
648 2601 945 2681 Processscbriften,
968 2604 1124 2692 Beilagen
1152 2626 1245 2668 num.
1274 2617 1325 2670 13.
1363 2603 1508 2666 Habetur
1534 2605 1627 2666 etiam
1654 2605 1690 2666 in

444 2798 548 2894 1014.
574 2811 606 2869 1.
632 2791 731 2868 octob.
757 2801 814 2868 fot.
840 2821 870 2872 4.
898 2828 989 2872 num.
1017 2817 1048 2874 e.
1072 2803 1131 2870 fot.
1161 2815 1222 2870 120
1249 2817 1280 2868 et
1305 2802 1361 2871 fot.
1395 2813 1469 2872 123.

380 2983 414 3064 d)
438 2981 590 3050 Lucumo
612 2985 794 3066 plurimae,
834 2991 1024 3072 quandoque
1049 3009 1105 3068 per
1130 2989 1239 3068 plures
1265 2987 1369 3048 lineas
1396 2996 1617 3064 exporrectee,
1654 2985 1690 3045 in

439 3079 520 3142 locis
543 3081 699 3167 aerugine
725 3087 884 3164 corruptis
917 3098 973 3148 aut
1007 3085 1130 3159 exesis,
1170 3098 1264 3166 atquc
1296 3103 1353 3166 per
1387 3082 1510 3146 litteras
1549 3084 1690 3147 cursires

440 3179 576 3254 notatis,
610 3179 782 3264 *restitutae
813 3197 891 3246 sont
916 3204 956 3246 ex
980 3182 1243 3266 praecedentibus
1268 3182 1496 3264 diplomatibus
1522 3181 1689 3247 confirma·

401 3325 405 3335 .
442 3277 555 3356 toriis,
581 3297 622 3342 ex
648 3279 819 3361 diplomete
844 3281 993 3346 Heinrici
1017 3284 1073 3349 VI.
1098 3305 1152 3346 en.
1184 3295 1280 3364 1104.
1306 3293 1357 3348 22.
1384 3281 1510 3360 Mart,
1551 3303 1715 3368 quocum·
1830 3285 1841 3294 '

393 3433 400 3440 .
441 3375 504 3440 bcc
528 3376 782 3444 instrumentum
807 3383 956 3452 ,maxime
994 3385 1164 3460 convenit,
1201 3383 1338 3466 denique
1363 3394 1395 3444 et
1419 3383 1623 3466 potissimum
1650 3403 1716 3466 ex,

443 3474 687 3544 confirmatione
713 3493 807 3562 etque
832 3483 1025 3559 insertione,
1065 3483 1270 3547 eFriderico
1295 3483 1337 3548 II.
1364 3502 1417 3544 an.
1450 3481 1547 3550 1250.
1576 3501 1688 3546 meree
1761 3511 1764 3517 ·

439 3573 543 3653 lunio
563 3574 672 3656 factis,
699 3581 872 3662 depromta.
938 3581 1153 3650 conferantur
1178 3605 1252 3672 ergo
1276 3582 1401 3648 similer
1429 3581 1690 3672 confirmatio-ner

440 3688 573 3760 praeter¹
590 3675 679 3741 illem
713 3693 813 3768 1194.
842 3678 896 3750 22.
922 3683 1019 3749 Mart.
1045 3671 1126 3749 eliae
1151 3703 1311 3748 sanorum
1340 3694 1432 3749 1205.
1463 3696 1511 3750 10.
1537 3683 1637 3747 'Mart
1658 3693 1688 3745 et

447 3786 541 3844 1208.
568 3788 621 3846 20.
649 3777 805 3845 Novemb.
1013 3782 1016 3789 ’
