3864 4728
372 301 436 388 80
464 343 468 351 ·
504 422 507 434 Ι
757 419 758 426 Ν
887 423 888 428 Ν
927 261 1190 376 Authcnticu.

366 528 498 624 penit,
543 519 635 597 Sene
651 543 754 592 ‘cum
789 519 893 595 dolus
918 522 1077 592 etlrnus
1102 519 1236 592 nemini
1263 517 1419 626 deluennt
1442 491 1684 616 petrocinum,
1717 541 1755 600 et

327 620 333 628 ⁸
379 647 575 721 oppressos
608 623 768 705 indebite
808 624 887 692 iure
912 623 1113 715 precipiunt
1138 621 1227 690 iuris
1253 621 1415 692 remedio
1440 623 1614 712 releueri,
1655 629 1756 700 vohis

379 727 602 798 Auctoritnte
628 746 714 816 =quu
749 721 935 812 fungimur
959 723 1044 796 sede
1071 720 1269 790 kathedrali
1295 721 1365 789 inm
1392 732 1540 791 vnennte
1566 734 1602 792 et
1624 726 1664 799 in
1688 728 1757 796 rir-

249 852 261 864 ·
381 839 458 898 tute
497 835 617 904 ennete
645 821 910 912 obedientieet
936 809 1433 912 excommunicationidpene
1457 845 1566 913 quum
1593 846 1639 894 cx
1663 849 1758 897 nunc

290 977 292 988 ·
376 937 491 1022 ‚prout
525 935 658 994 extunc
685 921 723 992 in
747 941 813 991 ros
838 921 1009 1008 ferimus,
1041 921 1071 990 si
1098 920 1271 992 mundetis
1297 921 1431 1005 nostris
1456 927 1759 1014 ncnpnrneritie,

375 1026 577 1102 reseruntis
603 1023 707 1092 nobis
733 1017 813 1090 eliis
839 1022 942 1111 penis
968 1019 1179 1108 acrioribus,
1207 1019 1416 1098 mundemus
1441 1019 1593 1090 tirmiter
1618 1033 1656 1092 st
1681 1047 1759 1116 pre·

380 1128 475 1214 nise,
502 1135 678 1216 qustenus
705 1120 748 1190 nd
778 1120 965 1190 ecclesium
990 1120 1102 1190 suncti
1131 1119 1307 1219 Stephani
1328 1119 1538 1190 secedentes
1566 1125 1761 1212 personali·

379 1237 449 1308 ter,
476 1223 631 1294 eundem
656 1219 974 1290 fridericum'cum
1000 1241 1111 1290 ruore
1135 1241 1199 1288 sun
1216 1220 1420 1308 Mergnreln
1445 1220 1597 1289 citantes
1623 1222 1763 1294 in-nm·

377 1327 476 1396 bone
499 1323 659 1416 publice,
684 1319 858 1411 premisse
883 1319 985 1412 prius
1010 1320 1229 1394 allocutione
1255 1339 1375 1388 secum
1401 1317 1555 1408 priests,
1580 1321 1761 1394 medinnte

380 1424 537 1497 domino.
585 1424 628 1492 R.
667 1415 969 1513 plebanosnncti
994 1417 1186 1510 Stephon,
1226 1428 1262 1487 et
1298 1418 1368 1486 disi
1403 1419 1459 1494 vel
1486 1419 1625 1488 litteras
1650 1443 1761 1515 snper

242 1547 246 1562 ¹
380 1523 643 1615 compositione
677 1521 874 1613 premisse,
914 1518 1078 1612 predicto
1103 1518 1270 1588 Domino.
1325 1516 1446 1586 Ottoni
1474 1517 1760 1611 plebano'dcnt,

381 1636 445 1696 sut
477 1623 639 1694 dominos
684 1621 727 1689 R.
753 1619 911 1710 plebnno
936 1615 1048 1688 suncti
1076 1613 1248 1709 St'ephdni
1275 1638 1341 1686 suo
1366 1618 1514 1704 nornine
1538 1618 1761 1712 essingnent,

381 1745 446 1794 sev
471 1721 569 1814 quod
596 1737 703 1809 egros
730 1718 891 1809 predicte
917 1729 1044 1811 querte
1072 1719 1182 1808 pertis
1210 1719 1316 1786 Curis
1341 1717 1379 1784 in
1402 1718 1593 1804 Stcchstnl,
1619 1741 1761 1790 mnne
1848 1780 1853 1802 ,

382 1822 564 1894 dimittunt
589 1821 725 1888 liberos
751 1827 787 1888 et
812 1819 971 1904 solutos,
1005 1818 1062 1888 uel
1088 1818 1206 1886 snltim
1231 1838 1344 1908 reque
1370 1815 1415 1884 ed
1441 1837 1504 1884 sex
1530 1817 1762 1908 septimense,

310 1974 313 1988 ,
383 1922 555 1992 continue
580 1927 774 2010 sequentes
803 1927 885 2008 post
910 1917 1214 2005 presentationem
1240 1918 1463 2006 presentium
1491 1917 1594 1986 vobis
1620 1918 1762 2006 fectum,

383 2041 492 2115 quem
525 2019 718 2089 terminum
754 2037 822 2107 pro
862 2016 979 2086 tribus
1005 2017 1130 2086 edictis
1154 2026 1191 2086 et
1215 2014 1501 2106 peremptorium
1527 2017 1598 2085 sibi
1624 2017 1763 2107 demus,

383 2119 545 2213 alioquin
571 2117 768 2188 monitione
795 2117 967 2186 cunonics
991 2117 1188 2208 premisse,
1227 2114 1325 2203 ipsos
1351 2121 1534 2206 tumqunm
1559 2137 1765 2190 excommu-

383 2223 520 2298 nicntos
552 2218 712 2310 singulis
732 2215 861 2286 diebus
885 2216 1075 2286 dominicis
1093 2225 1139 2311 ,et
1161 2209 1303 2306 festinis
1329 2213 1365 2279 in
1392 2235 1519 2282 eorum
1545 2215 1765 2287 bnmcchinli

382 2321 537 2394 ecclesie
568 2315 810 2403 denuncietis,
852 2326 889 2386 et
923 2313 1029 2386 vitnri
1062 2314 1247 2406 temquum
1276 2315 1611 2386 excommunicatos
1644 2321 1764 2388 nreius

385 2417 433 2489 nb
459 2418 628 2492 omnibus
656 2410 821 2502 fecistis,
846 2413 961 2484 donec
987 2415 1212 2504 uellitterss
1240 2422 1278 2481 vt
1303 2413 1541 2503 premittitur,
1568 2416 1766 2490 Dominum

387 2518 557 2588 Ottcnem
590 2513 806 2607 plebanum,
845 2535 909 2584 seu
941 2513 1126 2583 dominum
1159 2515 1203 2582 R.
1236 2509 1431 2602 plebanum
1457 2517 1568 2582 suncti
1593 2516 1767 2606 Stephani

393 2616 527 2686 hebere
562 2623 783 2708 procurent,
823 2615 881 2684 vel
904 2612 1088 2704 predictos
1112 2629 1222 2702 egros
1247 2613 1447 2701 dimittunt,
1478 2635 1620 2684 exnunc
1636 2616 1768 2689 ,inccn-

389 2709 727 2787 trndictionebiliter
751 2714 886 2786 liberos
913 2723 949 2782 et
972 2697 1131 2799 siluros,
1158 2712 1247 2782 Sunt
1272 2721 1308 2780 et
1330 2711 1393 2780 nlii
1418 2711 1563 2804 quidum
1589 2711 1627 2782 in
1645 2715 1769 2787 stoch-

386 2820 476 2902 stnl,
516 2815 578 2909 qui
614 2813 781 2890 similiter
817 2821 941 2904 preter
974 2815 1196 2884 voluntatem
1229 2812 1465 2904 plebanorum
1500 2809 1620 2882 suncti
1638 2815 1771 2910 Egydy'

384 2919 593 3008 singulares
618 2935 745 3006 egros,
770 2916 820 2990 nd.
842 2911 1039 3003 predictum
1061 2913 1207 2982 Curium
1233 2911 1621 3002 spectnotesdetinent
1646 2921 1685 2984 et
1709 2937 1769 2986 oc·

363 3003 550 3108 rupem,
589 3014 757 3082 videlicet
797 3012 1021 3082 Ch..Sertor.
1054 3033 1164 3081 vnum
1196 3014 1374 3100 iugerum.
1424 3013 1514 3104 ltern
1547 3013 1769 3085 lrclusrinnn.

213 3135 219 3142 ·
327 3135 328 3138 ’
388 3119 482 3184 Duo.
521 3113 663 3201 iugera„
722 3111 811 3180 item
847 3113 1062 3181 wernherus
1094 3133 1203 3180 vnum
1229 3113 1408 3201 iugerum.
1458 3113 1546 3179 ltem
1572 3113 1637 3182 Ch.
1657 3137 1769 3183 vnum

389 3214 569 3304 iugerum.
622 3210 711 3280 Item
736 3210 973 3291 Rechwinus,
999 3231 1107 3278 vuum
1134 3211 1310 3299 iugerum.
1362 3211 1451 3280 ltem
1478 3209 1682 3300 Steplrnuus
1707 3215 1770 3282 vil·

391 3311 495 3396 licus,
521 3309 604 3376 Tris
630 3309 772 3398 ingere·
822 3313 912 3380 Item
937 3307 1130 3376 fridericus
1148 3307 1437 3396 Golrltendcrler,
1463 3331 1574 3380 vnum
1590 3311 1769 3402 iugerum,

392 3429 485 3501 quos
520 3429 645 3478 omnes
680 3418 716 3477 et
746 3409 911 3501 singulos
944 3406 1012 3476 sub
1044 3423 1137 3500 penu
1159 3407 1266 3480 ,robis
1289 3409 1443 3500 scriptu,
1484 3429 1635 3478 censure
1660 3412 1770 3480 simili

389 3507 561 3590 urceolis,
601 3519 641 3578 vt
675 3511 735 3578 vel
768 3511 837 3600 ipsi
872 3507 1021 3578 eosdem
1051 3507 1284 3598 ugrosrinfrn
1310 3509 1552 3598 prescriptum
1577 3511 1772 3580 terminum

394 3609 657 3699 peremtorium
694 3605 877 3684 dimittent
898 3607 1059 3692 liberos,
1093 3607 1431 3678 veterascentes
1457 3608 1590 3686 Ottons
1613 3611 1770 3700 plebano

392 3709 628 3800 composituri
640 3710 879 3779 amicabiliter
890 3708 927 3775 in
941 3707 1122 3796 pntnuinrn
1132 3707 1289 3790 veniunt,
1302 3717 1364 3774 rut
1377 3717 1475 3778 certe
1490 3707 1605 3778 donec
1617 3700 1770 3780 alterum

328 3818 332 3826 '
393 3828 519 3877 eorum
542 3808 615 3893 lint,
641 3829 703 3879 eos
725 3809 864 3878 fecistis
880 3806 925 3875 nb
942 3807 1106 3899 ingressu
1123 3805 1275 3875 ecclesie
1289 3806 1471 3876 obstinere
1487 3817 1524 3876 et
1536 3807 1607 3878 sihi
1622 3809 1768 3901 suisque

390 3904 576 3996 inquilinis
592 3909 753 3978 subtrnhi
767 3906 887 3977 omnin
903 3903 1143 3974 ecclesiesticn
1158 3915 1392 3976 sacramente.
1428 3907 1559 3977 Delum
1573 3909 1609 3979 in
1626 3908 1771 4002 petruin

390 4005 594 4089 Millesimcr
611 4003 734 4078 ccct
747 4007 909 4093 Decimo.
934 4002 1084 4078 Octauo.
1106 4005 1144 4076 in
1162 4004 1299 4080 Octuuu
1316 4004 1550 4100 Epiphunlus·
1595 4004 1598 4010 ’
