<?xml version="1.0" encoding="UTF-8"?>
<!DOCTYPE html PUBLIC "-//W3C//DTD XHTML 1.0 Transitional//EN"
    "http://www.w3.org/TR/xhtml1/DTD/xhtml1-transitional.dtd">
<html xmlns="http://www.w3.org/1999/xhtml" xml:lang="en" lang="en">
 <head>
  <title>
</title>
<meta http-equiv="Content-Type" content="text/html;charset=utf-8" />
  <meta name='ocr-system' content='tesseract 3.04.00' />
  <meta name='ocr-capabilities' content='ocr_page ocr_carea ocr_par ocr_line ocrx_word'/>
</head>
<body>
  <div class='ocr_page' id='page_1' title='image "./monumentaboicae22landgoog_0371.png"; bbox 0 0 3746 4720; ppageno 0'>
   <div class='ocr_carea' id='block_1_1' title="bbox 593 299 1122 406">
    <p class='ocr_par' dir='ltr' id='par_1_1' title="bbox 593 299 1122 406">
     <span class='ocr_line' id='line_1_1' title="bbox 593 299 1122 406; baseline 0 -10"><span class='ocrx_word' id='word_1_1' title='bbox 593 338 612 375; x_wconf 89' lang='lat'><strong>··</strong></span> <span class='ocrx_word' id='word_1_2' title='bbox 704 307 969 403; x_wconf 66' lang='lat' dir='ltr'><strong>anthentica.</strong></span> <span class='ocrx_word' id='word_1_3' title='bbox 1054 299 1076 406; x_wconf 64' lang='lat' dir='ltr'><em>s</em></span> <span class='ocrx_word' id='word_1_4' title='bbox 1114 309 1122 337; x_wconf 84' lang='grc'><strong>·’</strong></span> 
     </span>
    </p>
   </div>
   <div class='ocr_carea' id='block_1_2' title="bbox 669 565 1021 763">
    <p class='ocr_par' dir='ltr' id='par_1_2' title="bbox 669 565 1021 796">
     <span class='ocr_line' id='line_1_2' title="bbox 669 565 1021 763; baseline 0.011 -7"><span class='ocrx_word' id='word_1_5' title='bbox 669 565 1021 763; x_wconf 55' lang='lat' dir='ltr'><strong>ccccxx(</strong></span> 
     </span>
    </p>
   </div>
   <div class='ocr_carea' id='block_1_3' title="bbox 479 879 1179 952">
    <p class='ocr_par' dir='ltr' id='par_1_3' title="bbox 479 879 1179 952">
     <span class='ocr_line' id='line_1_3' title="bbox 479 879 1179 952; baseline 0.007 -5"><span class='ocrx_word' id='word_1_6' title='bbox 479 890 572 948; x_wconf 81' lang='lat' dir='ltr'><strong>Anno</strong></span> <span class='ocrx_word' id='word_1_7' title='bbox 605 879 698 950; x_wconf 65' lang='lat'>1262.</span> <span class='ocrx_word' id='word_1_8' title='bbox 726 885 778 950; x_wconf 61' lang='lat' dir='ltr'><strong>tt.</strong></span> <span class='ocrx_word' id='word_1_9' title='bbox 807 886 973 950; x_wconf 84' lang='lat' dir='ltr'><strong>Decembr.</strong></span> <span class='ocrx_word' id='word_1_10' title='bbox 1027 891 1179 952; x_wconf 78' lang='lat' dir='ltr'><strong>Veronae.</strong></span> 
     </span>
    </p>
   </div>
   <div class='ocr_carea' id='block_1_4' title="bbox 9 1071 1613 1200">
    <p class='ocr_par' dir='ltr' id='par_1_4' title="bbox 9 1071 1613 1200">
     <span class='ocr_line' id='line_1_4' title="bbox 9 1071 1613 1200; baseline -0.001 -23"><span class='ocrx_word' id='word_1_11' title='bbox 9 1071 10 1080; x_wconf 11' lang='grc' dir='ltr'><strong><em>Ν</em></strong></span> <span class='ocrx_word' id='word_1_12' title='bbox 144 1081 390 1189; x_wconf 79' lang='lat' dir='ltr'><strong>Comedus,</strong></span> <span class='ocrx_word' id='word_1_13' title='bbox 420 1079 549 1198; x_wconf 81' lang='lat' dir='ltr'><strong>vtdgo</strong></span> <span class='ocrx_word' id='word_1_14' title='bbox 572 1079 863 1190; x_wconf 88' lang='lat' dir='ltr'><strong>Conradinus,</strong></span> <span class='ocrx_word' id='word_1_15' title='bbox 891 1085 1128 1176; x_wconf 78' lang='lat' dir='ltr'>Jerusalem</span> <span class='ocrx_word' id='word_1_16' title='bbox 1155 1106 1199 1198; x_wconf 91' lang='lat' dir='ltr'><strong>et</strong></span> <span class='ocrx_word' id='word_1_17' title='bbox 1220 1083 1399 1200; x_wconf 86' lang='lat' dir='ltr'><strong>Syoiliae</strong></span> <span class='ocrx_word' id='word_1_18' title='bbox 1418 1117 1511 1198; x_wconf 83' lang='lat' dir='ltr'><strong>rex,</strong></span> <span class='ocrx_word' id='word_1_19' title='bbox 1601 1097 1613 1160; x_wconf 89' lang='lat'><strong>·&#39;</strong></span> 
     </span>
    </p>
   </div>
   <div class='ocr_carea' id='block_1_5' title="bbox 142 1198 1512 1313">
    <p class='ocr_par' dir='ltr' id='par_1_5' title="bbox 142 1198 1512 1313">
     <span class='ocr_line' id='line_1_5' title="bbox 142 1198 1512 1313; baseline 0.004 -23"><span class='ocrx_word' id='word_1_20' title='bbox 142 1201 228 1290; x_wconf 82' lang='lat' dir='ltr'><strong>dux</strong></span> <span class='ocrx_word' id='word_1_21' title='bbox 259 1201 483 1306; x_wconf 85' lang='lat' dir='ltr'><strong>Sweviae,</strong></span> <span class='ocrx_word' id='word_1_22' title='bbox 520 1198 730 1290; x_wconf 88' lang='lat' dir='ltr'><strong>Lodwico</strong></span> <span class='ocrx_word' id='word_1_23' title='bbox 749 1203 894 1290; x_wconf 76' lang='lat' dir='ltr'><strong>consiti</strong></span> <span class='ocrx_word' id='word_1_24' title='bbox 913 1205 1095 1313; x_wconf 87' lang='lat' dir='ltr'><strong>palatino</strong></span> <span class='ocrx_word' id='word_1_25' title='bbox 1128 1205 1268 1296; x_wconf 79' lang='lat' dir='ltr'><strong>Rheni</strong></span> <span class='ocrx_word' id='word_1_26' title='bbox 1298 1205 1398 1292; x_wconf 88' lang='lat' dir='ltr'><strong>duci</strong></span> <span class='ocrx_word' id='word_1_27' title='bbox 1427 1205 1512 1296; x_wconf 87' lang='lat' dir='ltr'><strong>Ba-</strong></span> 
     </span>
    </p>
   </div>
   <div class='ocr_carea' id='block_1_6' title="bbox 9 1305 1512 1439">
    <p class='ocr_par' dir='ltr' id='par_1_6' title="bbox 9 1305 1512 1439">
     <span class='ocr_line' id='line_1_6' title="bbox 9 1305 1512 1439; baseline 0.003 -33"><span class='ocrx_word' id='word_1_28' title='bbox 9 1419 11 1424; x_wconf 6' lang='lat' dir='ltr'><strong>g</strong></span> <span class='ocrx_word' id='word_1_29' title='bbox 142 1321 325 1426; x_wconf 73' lang='lat' dir='ltr'><strong>uariae,</strong></span> <span class='ocrx_word' id='word_1_30' title='bbox 357 1305 568 1404; x_wconf 83' lang='lat' dir='ltr'><strong>avtmculo</strong></span> <span class='ocrx_word' id='word_1_31' title='bbox 600 1343 702 1424; x_wconf 89' lang='lat' dir='ltr'><strong>suo,</strong></span> <span class='ocrx_word' id='word_1_32' title='bbox 732 1349 813 1434; x_wconf 91' lang='lat' dir='ltr'><strong>pro</strong></span> <span class='ocrx_word' id='word_1_33' title='bbox 841 1322 960 1406; x_wconf 84' lang='lat' dir='ltr'><strong>mille</strong></span> <span class='ocrx_word' id='word_1_34' title='bbox 991 1325 1231 1439; x_wconf 79' lang='lat' dir='ltr'><strong>quingentis</strong></span> <span class='ocrx_word' id='word_1_35' title='bbox 1259 1325 1416 1410; x_wconf 85' lang='lat' dir='ltr'><strong>marcis</strong></span> <span class='ocrx_word' id='word_1_36' title='bbox 1441 1353 1512 1438; x_wconf 86' lang='lat' dir='ltr'><strong>ar-</strong></span> 
     </span>
    </p>
   </div>
   <div class='ocr_carea' id='block_1_7' title="bbox 139 1435 1567 1672">
    <p class='ocr_par' dir='ltr' id='par_1_7' title="bbox 139 1435 1567 1672">
     <span class='ocr_line' id='line_1_7' title="bbox 142 1435 1567 1554; baseline 0.002 -31"><span class='ocrx_word' id='word_1_37' title='bbox 142 1439 279 1554; x_wconf 88' lang='lat' dir='ltr'><strong>genti,</strong></span> <span class='ocrx_word' id='word_1_38' title='bbox 323 1437 585 1524; x_wconf 89' lang='lat' dir='ltr'><strong>Coloniensis</strong></span> <span class='ocrx_word' id='word_1_39' title='bbox 616 1435 843 1544; x_wconf 89' lang='lat' dir='ltr'><strong>ponderis,</strong></span> <span class='ocrx_word' id='word_1_40' title='bbox 882 1437 953 1524; x_wconf 89' lang='lat' dir='ltr'><strong>de</strong></span> <span class='ocrx_word' id='word_1_41' title='bbox 979 1442 1135 1554; x_wconf 85' lang='lat' dir='ltr'><strong>quibus</strong></span> <span class='ocrx_word' id='word_1_42' title='bbox 1176 1439 1290 1554; x_wconf 85' lang='lat' dir='ltr'><strong>apud</strong></span> <span class='ocrx_word' id='word_1_43' title='bbox 1329 1441 1510 1527; x_wconf 85' lang='lat' dir='ltr'><strong>matrem</strong></span> <span class='ocrx_word' id='word_1_44' title='bbox 1563 1497 1567 1502; x_wconf 92' lang='lat'><em>-</em></span> 
     </span>
     <span class='ocr_line' id='line_1_8' title="bbox 139 1553 1510 1672; baseline 0.002 -32"><span class='ocrx_word' id='word_1_45' title='bbox 139 1585 259 1646; x_wconf 87' lang='lat' dir='ltr'><strong>suam</strong></span> <span class='ocrx_word' id='word_1_46' title='bbox 289 1555 481 1644; x_wconf 88' lang='lat' dir='ltr'><strong>Elizabet</strong></span> <span class='ocrx_word' id='word_1_47' title='bbox 508 1574 551 1640; x_wconf 92' lang='lat' dir='ltr'><strong>et</strong></span> <span class='ocrx_word' id='word_1_48' title='bbox 579 1553 882 1652; x_wconf 82' lang='lat' dir='ltr'><strong>Meinhardtnn</strong></span> <span class='ocrx_word' id='word_1_49' title='bbox 909 1559 1107 1645; x_wconf 89' lang='lat' dir='ltr'><strong>comitem</strong></span> <span class='ocrx_word' id='word_1_50' title='bbox 1136 1559 1334 1646; x_wconf 88' lang='lat' dir='ltr'><strong>Gorioiac</strong></span> <span class='ocrx_word' id='word_1_51' title='bbox 1356 1577 1398 1644; x_wconf 90' lang='lat' dir='ltr'><strong>et</strong></span> <span class='ocrx_word' id='word_1_52' title='bbox 1417 1559 1510 1672; x_wconf 85' lang='lat' dir='ltr'><strong>Ty-</strong></span> 
     </span>
    </p>
   </div>
   <div class='ocr_carea' id='block_1_8' title="bbox 13 1673 1623 1813">
    <p class='ocr_par' dir='ltr' id='par_1_8' title="bbox 13 1673 1623 1813">
     <span class='ocr_line' id='line_1_9' title="bbox 13 1673 1623 1813; baseline 0.002 -53"><span class='ocrx_word' id='word_1_53' title='bbox 13 1764 17 1784; x_wconf 58' lang='lat'><em>,</em></span> <span class='ocrx_word' id='word_1_54' title='bbox 138 1675 353 1766; x_wconf 79' lang='lat' dir='ltr'><strong>nolensem</strong></span> <span class='ocrx_word' id='word_1_55' title='bbox 393 1674 597 1760; x_wconf 88' lang='lat' dir='ltr'><strong>maritum</strong></span> <span class='ocrx_word' id='word_1_56' title='bbox 647 1673 762 1781; x_wconf 87' lang='lat' dir='ltr'><strong>eius,</strong></span> <span class='ocrx_word' id='word_1_57' title='bbox 807 1703 907 1762; x_wconf 90' lang='lat' dir='ltr'><strong>cum</strong></span> <span class='ocrx_word' id='word_1_58' title='bbox 944 1707 1096 1795; x_wconf 90' lang='lat' dir='ltr'><strong>magna</strong></span> <span class='ocrx_word' id='word_1_59' title='bbox 1131 1677 1252 1790; x_wconf 88' lang='lat' dir='ltr'><strong>apud</strong></span> <span class='ocrx_word' id='word_1_60' title='bbox 1292 1677 1509 1813; x_wconf 81' lang='lat' dir='ltr'><strong>Veronam</strong></span> <span class='ocrx_word' id='word_1_61' title='bbox 1620 1692 1623 1702; x_wconf 74' lang='lat'>‘</span> 
     </span>
    </p>
   </div>
   <div class='ocr_carea' id='block_1_9' title="bbox 37 1793 1560 2494">
    <p class='ocr_par' dir='ltr' id='par_1_9' title="bbox 137 1793 1509 1910">
     <span class='ocr_line' id='line_1_10' title="bbox 137 1793 1509 1910; baseline 0.002 -30"><span class='ocrx_word' id='word_1_62' title='bbox 137 1793 364 1880; x_wconf 79' lang='lat' dir='ltr'><strong>necessitas</strong></span> <span class='ocrx_word' id='word_1_63' title='bbox 406 1793 486 1880; x_wconf 92' lang='lat' dir='ltr'><strong>sihi</strong></span> <span class='ocrx_word' id='word_1_64' title='bbox 520 1793 816 1901; x_wconf 64' lang='lat' dir='ltr'><strong>incenderet,</strong></span> <span class='ocrx_word' id='word_1_65' title='bbox 846 1795 1009 1909; x_wconf 85' lang='lat' dir='ltr'><strong>integre</strong></span> <span class='ocrx_word' id='word_1_66' title='bbox 1048 1827 1121 1884; x_wconf 88' lang='lat' dir='ltr'><strong>se</strong></span> <span class='ocrx_word' id='word_1_67' title='bbox 1139 1795 1342 1900; x_wconf 84' lang='lat' dir='ltr'><strong>absolvit,</strong></span> <span class='ocrx_word' id='word_1_68' title='bbox 1386 1794 1509 1910; x_wconf 87' lang='lat' dir='ltr'><strong>oppi-</strong></span> 
     </span>
    </p>

    <p class='ocr_par' dir='ltr' id='par_1_10' title="bbox 139 1910 1560 2029">
     <span class='ocr_line' id='line_1_11' title="bbox 139 1910 1560 2029; baseline 0 -31"><span class='ocrx_word' id='word_1_69' title='bbox 139 1910 238 2000; x_wconf 86' lang='lat' dir='ltr'><strong>dum</strong></span> <span class='ocrx_word' id='word_1_70' title='bbox 288 1937 415 1998; x_wconf 89' lang='lat' dir='ltr'><strong>suum</strong></span> <span class='ocrx_word' id='word_1_71' title='bbox 461 1910 728 2029; x_wconf 87' lang='lat' dir='ltr'><strong>Schongawe</strong></span> <span class='ocrx_word' id='word_1_72' title='bbox 767 1931 810 1998; x_wconf 90' lang='lat' dir='ltr'><strong>et</strong></span> <span class='ocrx_word' id='word_1_73' title='bbox 847 1913 991 2002; x_wconf 80' lang='lat' dir='ltr'><strong>villam</strong></span> <span class='ocrx_word' id='word_1_74' title='bbox 1030 1942 1154 2002; x_wconf 84' lang='lat' dir='ltr'><strong>suam</strong></span> <span class='ocrx_word' id='word_1_75' title='bbox 1193 1917 1238 2000; x_wconf 91' lang='lat' dir='ltr'><strong>in</strong></span> <span class='ocrx_word' id='word_1_76' title='bbox 1281 1913 1508 2027; x_wconf 87' lang='lat' dir='ltr'><strong>Moringen</strong></span> <span class='ocrx_word' id='word_1_77' title='bbox 1551 1913 1560 1926; x_wconf 81' lang='grc'><strong>“</strong></span> 
     </span>
    </p>

    <p class='ocr_par' dir='ltr' id='par_1_11' title="bbox 37 2028 1505 2146">
     <span class='ocr_line' id='line_1_12' title="bbox 37 2028 1505 2146; baseline 0 -30"><span class='ocrx_word' id='word_1_78' title='bbox 37 2048 42 2059; x_wconf 88' lang='grc'><strong><em>’</em></strong></span> <span class='ocrx_word' id='word_1_79' title='bbox 137 2057 231 2116; x_wconf 85' lang='lat' dir='ltr'><strong>cum</strong></span> <span class='ocrx_word' id='word_1_80' title='bbox 265 2047 358 2115; x_wconf 90' lang='lat' dir='ltr'><strong>toto</strong></span> <span class='ocrx_word' id='word_1_81' title='bbox 385 2028 576 2141; x_wconf 83' lang='lat' dir='ltr'><strong>Hybisch</strong></span> <span class='ocrx_word' id='word_1_82' title='bbox 607 2051 649 2116; x_wconf 91' lang='lat' dir='ltr'><strong>et</strong></span> <span class='ocrx_word' id='word_1_83' title='bbox 675 2029 874 2116; x_wconf 87' lang='lat' dir='ltr'><strong>omnibus</strong></span> <span class='ocrx_word' id='word_1_84' title='bbox 894 2033 1177 2146; x_wconf 86' lang='lat' dir='ltr'><strong>pertinentiis,</strong></span> <span class='ocrx_word' id='word_1_85' title='bbox 1208 2031 1394 2116; x_wconf 85' lang='lat' dir='ltr'><strong>titulo</strong></span> <span class='ocrx_word' id='word_1_86' title='bbox 1353 2059 1505 2146; x_wconf 81' lang='lat' dir='ltr'><strong>pigno-</strong></span> 
     </span>
    </p>

    <p class='ocr_par' dir='ltr' id='par_1_12' title="bbox 59 2147 1504 2283">
     <span class='ocr_line' id='line_1_13' title="bbox 59 2147 1504 2283; baseline 0.001 -53"><span class='ocrx_word' id='word_1_87' title='bbox 59 2173 64 2182; x_wconf 78' lang='grc'><strong><em>’</em></strong></span> <span class='ocrx_word' id='word_1_88' title='bbox 137 2148 190 2231; x_wconf 89' lang='lat' dir='ltr'><strong>ris</strong></span> <span class='ocrx_word' id='word_1_89' title='bbox 216 2147 385 2283; x_wconf 78' lang='lat' dir='ltr'><strong>tamdiu</strong></span> <span class='ocrx_word' id='word_1_90' title='bbox 422 2147 601 2262; x_wconf 86' lang='lat' dir='ltr'><strong>obligat,</strong></span> <span class='ocrx_word' id='word_1_91' title='bbox 635 2147 777 2234; x_wconf 90' lang='lat' dir='ltr'><strong>donec</strong></span> <span class='ocrx_word' id='word_1_92' title='bbox 806 2175 884 2258; x_wconf 91' lang='lat' dir='ltr'><strong>per</strong></span> <span class='ocrx_word' id='word_1_93' title='bbox 911 2177 1080 2264; x_wconf 87' lang='lat' dir='ltr'><strong>regem,</strong></span> <span class='ocrx_word' id='word_1_94' title='bbox 1109 2151 1182 2235; x_wconf 86' lang='lat' dir='ltr'><strong>vei</strong></span> <span class='ocrx_word' id='word_1_95' title='bbox 1215 2151 1304 2234; x_wconf 89' lang='lat' dir='ltr'><strong>eius</strong></span> <span class='ocrx_word' id='word_1_96' title='bbox 1331 2153 1504 2262; x_wconf 83' lang='lat' dir='ltr'><strong>pueros,</strong></span> 
     </span>
    </p>

    <p class='ocr_par' dir='ltr' id='par_1_13' title="bbox 246 2264 1501 2494">
     <span class='ocr_line' id='line_1_14' title="bbox 246 2264 1501 2404; baseline -0.002 -52"><span class='ocrx_word' id='word_1_97' title='bbox 246 2266 287 2352; x_wconf 92' lang='lat' dir='ltr'><strong>si</strong></span> <span class='ocrx_word' id='word_1_98' title='bbox 316 2292 424 2380; x_wconf 91' lang='lat' dir='ltr'><strong>quos</strong></span> <span class='ocrx_word' id='word_1_99' title='bbox 452 2264 671 2372; x_wconf 86' lang='lat' dir='ltr'><strong>habuerit,</strong></span> <span class='ocrx_word' id='word_1_100' title='bbox 709 2265 960 2382; x_wconf 84' lang='lat' dir='ltr'><strong>praedictae</strong></span> <span class='ocrx_word' id='word_1_101' title='bbox 984 2264 1101 2354; x_wconf 87' lang='lat' dir='ltr'><strong>mille</strong></span> <span class='ocrx_word' id='word_1_102' title='bbox 1132 2267 1386 2404; x_wconf 86' lang='lat' dir='ltr'><strong>quingentae</strong></span> <span class='ocrx_word' id='word_1_103' title='bbox 1498 2273 1501 2281; x_wconf 80' lang='grc'>’</span> 
     </span>
     <span class='ocr_line' id='line_1_15' title="bbox 497 2383 1139 2494; baseline 0.006 -26"><span class='ocrx_word' id='word_1_104' title='bbox 497 2412 666 2470; x_wconf 83' lang='lat' dir='ltr'><strong>marcae</strong></span> <span class='ocrx_word' id='word_1_105' title='bbox 696 2383 856 2472; x_wconf 87' lang='lat' dir='ltr'><strong>fuerint</strong></span> <span class='ocrx_word' id='word_1_106' title='bbox 885 2383 1139 2494; x_wconf 85' lang='lat' dir='ltr'><strong>persolutae</strong></span> 
     </span>
    </p>
   </div>
   <div class='ocr_carea' id='block_1_10' title="bbox 9 2547 1501 2703">
    <p class='ocr_par' dir='ltr' id='par_1_14' title="bbox 9 2547 1501 2703">
     <span class='ocr_line' id='line_1_16' title="bbox 9 2547 1501 2703; baseline -0.002 -21"><span class='ocrx_word' id='word_1_107' title='bbox 9 2687 10 2692; x_wconf 52' lang='grc'>,</span> <span class='ocrx_word' id='word_1_108' title='bbox 134 2547 352 2689; x_wconf 78' lang='lat' dir='ltr'><strong>Conradus</strong></span> <span class='ocrx_word' id='word_1_109' title='bbox 386 2613 563 2682; x_wconf 80' lang='lat' dir='ltr'><strong>secundus</strong></span> <span class='ocrx_word' id='word_1_110' title='bbox 597 2611 654 2701; x_wconf 86' lang='lat' dir='ltr'><strong>dcj</strong></span> <span class='ocrx_word' id='word_1_111' title='bbox 689 2615 803 2702; x_wconf 84' lang='lat' dir='ltr'><strong>gratia</strong></span> <span class='ocrx_word' id='word_1_112' title='bbox 836 2615 1052 2684; x_wconf 73' lang='lat' dir='ltr'><strong>Jerusalem</strong></span> <span class='ocrx_word' id='word_1_113' title='bbox 1070 2625 1106 2682; x_wconf 84' lang='lat' dir='ltr'><strong>et</strong></span> <span class='ocrx_word' id='word_1_114' title='bbox 1131 2613 1385 2703; x_wconf 81' lang='lat' dir='ltr'><strong>Syciiic·Rex‚</strong></span> <span class='ocrx_word' id='word_1_115' title='bbox 1419 2615 1501 2680; x_wconf 84' lang='lat' dir='ltr'><strong>Dux</strong></span> 
     </span>
    </p>
   </div>
   <div class='ocr_carea' id='block_1_11' title="bbox 134 2726 1559 3119">
    <p class='ocr_par' dir='ltr' id='par_1_15' title="bbox 134 2726 1559 3119">
     <span class='ocr_line' id='line_1_17' title="bbox 135 2726 1559 2824; baseline 0 -30"><span class='ocrx_word' id='word_1_116' title='bbox 135 2726 305 2798; x_wconf 85' lang='lat' dir='ltr'><strong>Sweuie.</strong></span> <span class='ocrx_word' id='word_1_117' title='bbox 339 2727 431 2824; x_wconf 80' lang='lat' dir='ltr'><strong>Quia</strong></span> <span class='ocrx_word' id='word_1_118' title='bbox 457 2727 680 2796; x_wconf 80' lang='lat' dir='ltr'><strong>diuturnitas</strong></span> <span class='ocrx_word' id='word_1_119' title='bbox 699 2728 874 2818; x_wconf 86' lang='lat' dir='ltr'><strong>temporis</strong></span> <span class='ocrx_word' id='word_1_120' title='bbox 900 2728 1121 2798; x_wconf 86' lang='lat' dir='ltr'><strong>obliuionem</strong></span> <span class='ocrx_word' id='word_1_121' title='bbox 1147 2727 1281 2816; x_wconf 80' lang='lat' dir='ltr'><strong>ingerit</strong></span> <span class='ocrx_word' id='word_1_122' title='bbox 1307 2727 1417 2795; x_wconf 83' lang='lat' dir='ltr'><strong>rebus</strong></span> <span class='ocrx_word' id='word_1_123' title='bbox 1442 2747 1500 2814; x_wconf 82' lang='lat' dir='ltr'><strong>ge·</strong></span> <span class='ocrx_word' id='word_1_124' title='bbox 1557 2800 1559 2812; x_wconf 59' lang='grc'>,</span> 
     </span>
     <span class='ocr_line' id='line_1_18' title="bbox 135 2823 1500 2928; baseline -0.001 -34"><span class='ocrx_word' id='word_1_125' title='bbox 135 2827 213 2914; x_wconf 86' lang='lat' dir='ltr'><strong>stis,</strong></span> <span class='ocrx_word' id='word_1_126' title='bbox 237 2850 286 2898; x_wconf 83' lang='lat' dir='ltr'><strong>ne</strong></span> <span class='ocrx_word' id='word_1_127' title='bbox 312 2827 406 2897; x_wconf 75' lang='lat' dir='ltr'><strong>iacta</strong></span> <span class='ocrx_word' id='word_1_128' title='bbox 430 2826 621 2928; x_wconf 84' lang='lat' dir='ltr'><strong>hominum</strong></span> <span class='ocrx_word' id='word_1_129' title='bbox 648 2823 833 2896; x_wconf 83' lang='lat' dir='ltr'><strong>dubietate</strong></span> <span class='ocrx_word' id='word_1_130' title='bbox 867 2827 926 2896; x_wconf 91' lang='lat' dir='ltr'><strong>uel</strong></span> <span class='ocrx_word' id='word_1_131' title='bbox 957 2827 1132 2898; x_wconf 85' lang='lat' dir='ltr'><strong>uarietate</strong></span> <span class='ocrx_word' id='word_1_132' title='bbox 1166 2825 1287 2916; x_wconf 84' lang='lat' dir='ltr'><strong>aliqua</strong></span> <span class='ocrx_word' id='word_1_133' title='bbox 1321 2825 1500 2892; x_wconf 86' lang='lat' dir='ltr'><strong>infirmen-</strong></span> 
     </span>
     <span class='ocr_line' id='line_1_19' title="bbox 135 2918 1498 3024; baseline -0.003 -28"><span class='ocrx_word' id='word_1_134' title='bbox 135 2918 208 3016; x_wconf 79' lang='lat' dir='ltr'><strong>tur,</strong></span> <span class='ocrx_word' id='word_1_135' title='bbox 234 2947 386 2998; x_wconf 85' lang='lat' dir='ltr'><strong>necesse</strong></span> <span class='ocrx_word' id='word_1_136' title='bbox 411 2938 465 2996; x_wconf 84' lang='lat' dir='ltr'><strong>est</strong></span> <span class='ocrx_word' id='word_1_137' title='bbox 490 2926 536 2996; x_wconf 83' lang='lat' dir='ltr'><strong>ad</strong></span> <span class='ocrx_word' id='word_1_138' title='bbox 560 2921 772 2998; x_wconf 85' lang='lat' dir='ltr'><strong>memoriam</strong></span> <span class='ocrx_word' id='word_1_139' title='bbox 793 2948 918 2996; x_wconf 85' lang='lat' dir='ltr'><strong>rerum</strong></span> <span class='ocrx_word' id='word_1_140' title='bbox 937 2938 1119 3024; x_wconf 83' lang='lat' dir='ltr'><strong>gestarum</strong></span> <span class='ocrx_word' id='word_1_141' title='bbox 1140 2925 1373 3018; x_wconf 85' lang='lat' dir='ltr'><strong>optinendam</strong></span> <span class='ocrx_word' id='word_1_142' title='bbox 1390 2923 1498 3014; x_wconf 82' lang='lat' dir='ltr'><strong>scrip·</strong></span> 
     </span>
     <span class='ocr_line' id='line_1_20' title="bbox 134 3025 1497 3119; baseline -0.004 -21"><span class='ocrx_word' id='word_1_143' title='bbox 134 3041 211 3098; x_wconf 80' lang='lat' dir='ltr'><strong>ture</strong></span> <span class='ocrx_word' id='word_1_144' title='bbox 238 3027 486 3097; x_wconf 88' lang='lat' dir='ltr'><strong>testimonium</strong></span> <span class='ocrx_word' id='word_1_145' title='bbox 512 3027 687 3116; x_wconf 77' lang='lat' dir='ltr'><strong>adhiberi</strong></span> <span class='ocrx_word' id='word_1_146' title='bbox 738 3029 878 3096; x_wconf 84' lang='lat' dir='ltr'><strong>Tenore</strong></span> <span class='ocrx_word' id='word_1_147' title='bbox 914 3027 1090 3119; x_wconf 83' lang='lat' dir='ltr'><strong>siquidem</strong></span> <span class='ocrx_word' id='word_1_148' title='bbox 1123 3025 1345 3116; x_wconf 84' lang='lat' dir='ltr'><strong>presentium</strong></span> <span class='ocrx_word' id='word_1_149' title='bbox 1378 3033 1497 3114; x_wconf 56' lang='lat' dir='ltr'><strong>protea</strong></span> 
     </span>
    </p>
   </div>
   <div class='ocr_carea' id='block_1_12' title="bbox 9 3122 1602 3416">
    <p class='ocr_par' dir='ltr' id='par_1_16' title="bbox 9 3122 1602 3416">
     <span class='ocr_line' id='line_1_21' title="bbox 134 3122 1602 3219; baseline -0.003 -25"><span class='ocrx_word' id='word_1_150' title='bbox 134 3127 258 3206; x_wconf 69' lang='lat' dir='ltr'><strong>stando</strong></span> <span class='ocrx_word' id='word_1_151' title='bbox 285 3127 431 3219; x_wconf 85' lang='lat' dir='ltr'><strong>publice</strong></span> <span class='ocrx_word' id='word_1_152' title='bbox 456 3127 688 3218; x_wconf 85' lang='lat' dir='ltr'><strong>profitemur,</strong></span> <span class='ocrx_word' id='word_1_153' title='bbox 715 3139 751 3196; x_wconf 89' lang='lat' dir='ltr'><strong>et</strong></span> <span class='ocrx_word' id='word_1_154' title='bbox 777 3137 902 3198; x_wconf 88' lang='lat' dir='ltr'><strong>notum</strong></span> <span class='ocrx_word' id='word_1_155' title='bbox 927 3126 1080 3198; x_wconf 79' lang='lat' dir='ltr'><strong>facimus</strong></span> <span class='ocrx_word' id='word_1_156' title='bbox 1103 3126 1321 3212; x_wconf 66' lang='lat' dir='ltr'><strong>rainardo„</strong></span> <span class='ocrx_word' id='word_1_157' title='bbox 1318 3122 1497 3195; x_wconf 84' lang='lat' dir='ltr'><strong>intuenti·</strong></span> <span class='ocrx_word' id='word_1_158' title='bbox 1599 3181 1602 3190; x_wconf 88' lang='lat'><em>.</em></span> 
     </span>
     <span class='ocr_line' id='line_1_22' title="bbox 9 3223 1496 3320; baseline -0.007 -18"><span class='ocrx_word' id='word_1_159' title='bbox 9 3250 24 3302; x_wconf 71' lang='lat' dir='ltr'><em>f</em></span> <span class='ocrx_word' id='word_1_160' title='bbox 133 3229 197 3297; x_wconf 82' lang='lat' dir='ltr'><strong>bus</strong></span> <span class='ocrx_word' id='word_1_161' title='bbox 223 3229 356 3297; x_wconf 85' lang='lat' dir='ltr'><strong>seriem</strong></span> <span class='ocrx_word' id='word_1_162' title='bbox 380 3228 488 3296; x_wconf 84' lang='lat' dir='ltr'><strong>huius</strong></span> <span class='ocrx_word' id='word_1_163' title='bbox 515 3228 659 3318; x_wconf 85' lang='lat' dir='ltr'><strong>scripti,</strong></span> <span class='ocrx_word' id='word_1_164' title='bbox 685 3227 782 3320; x_wconf 91' lang='lat' dir='ltr'><strong>quod</strong></span> <span class='ocrx_word' id='word_1_165' title='bbox 807 3227 983 3298; x_wconf 83' lang='lat' dir='ltr'><strong>Lodwico</strong></span> <span class='ocrx_word' id='word_1_166' title='bbox 1010 3228 1136 3297; x_wconf 82' lang='lat' dir='ltr'><strong>Inclito</strong></span> <span class='ocrx_word' id='word_1_167' title='bbox 1170 3225 1300 3314; x_wconf 81' lang='lat' dir='ltr'><strong>Comitj</strong></span> <span class='ocrx_word' id='word_1_168' title='bbox 1333 3223 1496 3306; x_wconf 85' lang='lat' dir='ltr'><strong>Palatino</strong></span> 
     </span>
     <span class='ocr_line' id='line_1_23' title="bbox 9 3321 1495 3416; baseline -0.002 -20"><span class='ocrx_word' id='word_1_169' title='bbox 9 3323 10 3326; x_wconf 51' lang='lat'>&#39;</span> <span class='ocrx_word' id='word_1_170' title='bbox 134 3325 242 3415; x_wconf 80' lang='lat' dir='ltr'><strong>Renj,</strong></span> <span class='ocrx_word' id='word_1_171' title='bbox 286 3326 378 3416; x_wconf 89' lang='lat' dir='ltr'><strong>Ducj</strong></span> <span class='ocrx_word' id='word_1_172' title='bbox 413 3327 599 3411; x_wconf 83' lang='lat' dir='ltr'><strong>Bawarie,</strong></span> <span class='ocrx_word' id='word_1_173' title='bbox 641 3328 830 3396; x_wconf 73' lang='lat' dir='ltr'><strong>auunculo</strong></span> <span class='ocrx_word' id='word_1_174' title='bbox 861 3339 1003 3414; x_wconf 23' lang='lat' dir='ltr'><strong>nostro!</strong></span> <span class='ocrx_word' id='word_1_175' title='bbox 1027 3321 1239 3409; x_wconf 78' lang='lat' dir='ltr'><strong>karissimo,</strong></span> <span class='ocrx_word' id='word_1_176' title='bbox 1279 3347 1347 3415; x_wconf 92' lang='lat' dir='ltr'><strong>pro</strong></span> <span class='ocrx_word' id='word_1_177' title='bbox 1383 3323 1495 3409; x_wconf 86' lang='lat' dir='ltr'><strong>Mille,</strong></span> 
     </span>
    </p>
   </div>
   <div class='ocr_carea' id='block_1_13' title="bbox 49 3423 1495 4125">
    <p class='ocr_par' dir='ltr' id='par_1_17' title="bbox 49 3423 1495 4116">
     <span class='ocr_line' id='line_1_24' title="bbox 132 3423 1495 3523; baseline -0.001 -29"><span class='ocrx_word' id='word_1_178' title='bbox 132 3423 363 3523; x_wconf 81' lang='lat' dir='ltr'><strong>Quingentis,</strong></span> <span class='ocrx_word' id='word_1_179' title='bbox 402 3426 533 3496; x_wconf 83' lang='lat' dir='ltr'><strong>Marcia</strong></span> <span class='ocrx_word' id='word_1_180' title='bbox 572 3425 743 3516; x_wconf 73' lang='lat' dir='ltr'><strong>Argenti,</strong></span> <span class='ocrx_word' id='word_1_181' title='bbox 783 3427 1009 3498; x_wconf 78' lang='lat' dir='ltr'><strong>coloniensis</strong></span> <span class='ocrx_word' id='word_1_182' title='bbox 1048 3425 1241 3516; x_wconf 81' lang='lat' dir='ltr'><strong>ponderis,</strong></span> <span class='ocrx_word' id='word_1_183' title='bbox 1277 3425 1323 3494; x_wconf 83' lang='lat' dir='ltr'><strong>de</strong></span> <span class='ocrx_word' id='word_1_184' title='bbox 1362 3423 1495 3515; x_wconf 76' lang='lat' dir='ltr'><strong>quibus</strong></span> 
     </span>
     <span class='ocr_line' id='line_1_25' title="bbox 132 3523 1493 3619; baseline -0.002 -27"><span class='ocrx_word' id='word_1_185' title='bbox 132 3537 216 3619; x_wconf 83' lang='lat' dir='ltr'><strong>aput</strong></span> <span class='ocrx_word' id='word_1_186' title='bbox 241 3524 372 3616; x_wconf 80' lang='lat' dir='ltr'><strong>(apud)</strong></span> <span class='ocrx_word' id='word_1_187' title='bbox 397 3525 627 3594; x_wconf 78' lang='lat' dir='ltr'><strong>karissimam</strong></span> <span class='ocrx_word' id='word_1_188' title='bbox 661 3536 813 3592; x_wconf 83' lang='lat' dir='ltr'><strong>matram</strong></span> <span class='ocrx_word' id='word_1_189' title='bbox 843 3536 1004 3594; x_wconf 87' lang='lat' dir='ltr'><strong>nostram</strong></span> <span class='ocrx_word' id='word_1_190' title='bbox 1033 3525 1213 3610; x_wconf 54' lang='lat' dir='ltr'><strong>Elizabem</strong></span> <span class='ocrx_word' id='word_1_191' title='bbox 1247 3534 1282 3592; x_wconf 86' lang='lat' dir='ltr'><strong>et</strong></span> <span class='ocrx_word' id='word_1_192' title='bbox 1313 3523 1493 3604; x_wconf 80' lang='lat' dir='ltr'><strong>Meinhar·</strong></span> 
     </span>
     <span class='ocr_line' id='line_1_26' title="bbox 131 3625 1493 3713; baseline -0.001 -21"><span class='ocrx_word' id='word_1_193' title='bbox 131 3625 212 3694; x_wconf 87' lang='lat' dir='ltr'><strong>dum</strong></span> <span class='ocrx_word' id='word_1_194' title='bbox 238 3626 416 3705; x_wconf 72' lang='lat' dir='ltr'><strong>ssomitem</strong></span> <span class='ocrx_word' id='word_1_195' title='bbox 444 3625 589 3694; x_wconf 90' lang='lat' dir='ltr'><strong>Goricie</strong></span> <span class='ocrx_word' id='word_1_196' title='bbox 615 3633 651 3692; x_wconf 79' lang='lat' dir='ltr'><strong>et</strong></span> <span class='ocrx_word' id='word_1_197' title='bbox 675 3626 927 3713; x_wconf 67' lang='lat' dir='ltr'><strong>Tprolensem,</strong></span> <span class='ocrx_word' id='word_1_198' title='bbox 951 3625 1120 3696; x_wconf 86' lang='lat' dir='ltr'><strong>maritum</strong></span> <span class='ocrx_word' id='word_1_199' title='bbox 1142 3624 1240 3708; x_wconf 83' lang='lat' dir='ltr'><strong>eius,</strong></span> <span class='ocrx_word' id='word_1_200' title='bbox 1265 3643 1346 3691; x_wconf 87' lang='lat' dir='ltr'><strong>cum</strong></span> <span class='ocrx_word' id='word_1_201' title='bbox 1364 3645 1493 3712; x_wconf 78' lang='lat' dir='ltr'><strong>magna</strong></span> 
     </span>
     <span class='ocr_line' id='line_1_27' title="bbox 49 3719 1492 3826; baseline -0.003 -34"><span class='ocrx_word' id='word_1_202' title='bbox 49 3756 82 3774; x_wconf 82' lang='lat'><strong>·=</strong></span> <span class='ocrx_word' id='word_1_203' title='bbox 131 3725 234 3794; x_wconf 90' lang='lat' dir='ltr'><strong>nobis</strong></span> <span class='ocrx_word' id='word_1_204' title='bbox 261 3734 349 3814; x_wconf 87' lang='lat' dir='ltr'><strong>aput</strong></span> <span class='ocrx_word' id='word_1_205' title='bbox 373 3727 575 3814; x_wconf 81' lang='lat' dir='ltr'><strong>Veronam,</strong></span> <span class='ocrx_word' id='word_1_206' title='bbox 601 3719 796 3795; x_wconf 86' lang='lat' dir='ltr'><strong>necessitas</strong></span> <span class='ocrx_word' id='word_1_207' title='bbox 821 3723 1049 3795; x_wconf 84' lang='lat' dir='ltr'><strong>incumberet</strong></span> <span class='ocrx_word' id='word_1_208' title='bbox 1073 3727 1215 3813; x_wconf 83' lang='lat' dir='ltr'><strong>integre</strong></span> <span class='ocrx_word' id='word_1_209' title='bbox 1232 3745 1300 3792; x_wconf 86' lang='lat' dir='ltr'><strong>nos</strong></span> <span class='ocrx_word' id='word_1_210' title='bbox 1324 3722 1492 3826; x_wconf 85' lang='lat' dir='ltr'><strong>absoluit,</strong></span> 
     </span>
     <span class='ocr_line' id='line_1_28' title="bbox 130 3804 1490 3923; baseline -0.004 -30"><span class='ocrx_word' id='word_1_211' title='bbox 130 3824 277 3914; x_wconf 86' lang='lat' dir='ltr'><strong>opidum</strong></span> <span class='ocrx_word' id='word_1_212' title='bbox 299 3835 466 3923; x_wconf 74' lang='lat' dir='ltr'><strong>nostrum</strong></span> <span class='ocrx_word' id='word_1_213' title='bbox 494 3825 763 3913; x_wconf 83' lang='lat' dir='ltr'><strong>Schongaowe,</strong></span> <span class='ocrx_word' id='word_1_214' title='bbox 799 3831 835 3890; x_wconf 87' lang='lat' dir='ltr'><strong>et</strong></span> <span class='ocrx_word' id='word_1_215' title='bbox 865 3825 988 3894; x_wconf 83' lang='lat' dir='ltr'><strong>uillam</strong></span> <span class='ocrx_word' id='word_1_216' title='bbox 1023 3835 1183 3893; x_wconf 87' lang='lat' dir='ltr'><strong>nostram</strong></span> <span class='ocrx_word' id='word_1_217' title='bbox 1216 3821 1253 3889; x_wconf 88' lang='lat' dir='ltr'><strong>in</strong></span> <span class='ocrx_word' id='word_1_218' title='bbox 1287 3804 1490 3911; x_wconf 78' lang='lat' dir='ltr'><strong>Moringen,</strong></span> 
     </span>
     <span class='ocr_line' id='line_1_29' title="bbox 130 3917 1490 4015; baseline -0.006 -21"><span class='ocrx_word' id='word_1_219' title='bbox 130 3947 206 3996; x_wconf 82' lang='lat' dir='ltr'><strong>cunr</strong></span> <span class='ocrx_word' id='word_1_220' title='bbox 234 3935 314 3994; x_wconf 84' lang='lat' dir='ltr'><strong>toto</strong></span> <span class='ocrx_word' id='word_1_221' title='bbox 338 3923 519 4015; x_wconf 83' lang='lat' dir='ltr'><strong>Hybisoh,</strong></span> <span class='ocrx_word' id='word_1_222' title='bbox 545 3944 686 3993; x_wconf 88' lang='lat' dir='ltr'><strong>necnon</strong></span> <span class='ocrx_word' id='word_1_223' title='bbox 713 3917 879 3994; x_wconf 86' lang='lat' dir='ltr'><strong>omnibus</strong></span> <span class='ocrx_word' id='word_1_224' title='bbox 905 3919 1067 4013; x_wconf 78' lang='lat' dir='ltr'><strong>Iudiciis,</strong></span> <span class='ocrx_word' id='word_1_225' title='bbox 1091 3923 1261 4006; x_wconf 79' lang='lat' dir='ltr'><strong>duribus,</strong></span> <span class='ocrx_word' id='word_1_226' title='bbox 1284 3917 1490 4008; x_wconf 71' lang='lat' dir='ltr'><strong>aduocatij·</strong></span> 
     </span>
     <span class='ocr_line' id='line_1_30' title="bbox 130 4020 1486 4125; baseline -0.004 -31"><span class='ocrx_word' id='word_1_227' title='bbox 130 4035 163 4094; x_wconf 81' lang='lat' dir='ltr'><strong>et</strong></span> <span class='ocrx_word' id='word_1_228' title='bbox 179 4025 358 4125; x_wconf 78' lang='lat' dir='ltr'><strong>uniuersis</strong></span> <span class='ocrx_word' id='word_1_229' title='bbox 373 4024 453 4112; x_wconf 83' lang='lat' dir='ltr'><strong>alijs</strong></span> <span class='ocrx_word' id='word_1_230' title='bbox 474 4045 602 4094; x_wconf 85' lang='lat' dir='ltr'><strong>eornm</strong></span> <span class='ocrx_word' id='word_1_231' title='bbox 622 4022 870 4116; x_wconf 77' lang='lat' dir='ltr'><strong>pertinentiis,</strong></span> <span class='ocrx_word' id='word_1_232' title='bbox 895 4024 1010 4114; x_wconf 76' lang='lat' dir='ltr'><strong>agris,</strong></span> <span class='ocrx_word' id='word_1_233' title='bbox 1038 4023 1169 4114; x_wconf 80' lang='lat' dir='ltr'><strong>pratis,</strong></span> <span class='ocrx_word' id='word_1_234' title='bbox 1196 4021 1356 4110; x_wconf 77' lang='lat' dir='ltr'><strong>pascuis,</strong></span> <span class='ocrx_word' id='word_1_235' title='bbox 1372 4020 1486 4107; x_wconf 78' lang='lat' dir='ltr'><strong>siluis,</strong></span> 
     </span>
    </p>
   </div>
   <div class='ocr_carea' id='block_1_14' title="bbox 1202 4111 1279 4198">
    <p class='ocr_par' dir='ltr' id='par_1_18' title="bbox 1202 4111 1279 4198">
     <span class='ocr_line' id='line_1_31' title="bbox 1202 4111 1279 4198; baseline -0.078 0"><span class='ocrx_word' id='word_1_236' title='bbox 1202 4111 1279 4198; x_wconf 83' lang='lat' dir='ltr'><strong>to</strong></span> 
     </span>
    </p>
   </div>
   <div class='ocr_carea' id='block_1_15' title="bbox 0 0 1878 4720">
    <p class='ocr_par' dir='ltr' id='par_1_19' title="bbox 0 0 1878 4720">
     <span class='ocr_line' id='line_1_32' title="bbox 0 0 1878 4720; baseline 0 8"><span class='ocrx_word' id='word_1_237' title='bbox 0 0 1878 4720; x_wconf 95' lang='lat' dir='ltr'><strong> </strong></span> 
     </span>
    </p>
   </div>
  </div>
 </body>
</html>
