3804 4718
423 351 511 442 ¹84
657 433 695 486 ,p
818 327 1064 462 Diplomata
1091 341 1405 460 Imperatorum

999 675 1216 786 DCCV.¹
1268 651 1270 656 ’
1382 724 1387 734 ·

731 915 826 975 Anno
859 921 954 980 2232.
1009 923 1063 976 22.
1091 909 1241 974 Februar.
1293 913 1478 976 Ravennae·
1517 927 1519 930 ’

309 1133 317 1148 ’
415 1107 623 1202 Friderioi
660 1104 713 1196 Il
753 1075 1031 1220 imperatoris
1064 1107 1305 1194 constitutio
1343 1105 1602 1222 amplissima
1641 1126 1790 1196 contra
1893 1085 1894 1092 .

418 1257 593 1332 omnes,
641 1244 683 1312 et
718 1225 950 1336 praecipue
982 1245 1141 1426 plostra
1171 1227 1410 1314 nominatos
1451 1226 1542 1310 eius
1582 1227 1794 1337 temporis.

1014 1363 1229 1429 aereucos.

415 1516 621 1665 INoipiunt
648 1575 809 1664 Capitale
837 1576 1114 1664 constipationis
1141 1577 1265 1644 contra
1293 1527 1483 1666 patarenos
1510 1573 1604 1642 edite
1629 1596 1698 1664 per
1731 1574 1790 1667 dog
1893 1645 1894 1668 p

414 1691 552 1762 minum
580 1691 638 1758 Fr.
668 1693 845 1758 lllastrem
874 1691 1118 1760 Romanorum
1146 1695 1403 1783 Imperatorem
1429 1709 1574 1778 semper
1590 1693 1788 1780 Augustum
1892 1677 1894 1760 Ῐ

414 1793 616 1862 Jerusalem
644 1800 680 1858 et
703 1791 826 1861 Sicilie
857 1793 1005 1880 Regem.
1059 1793 1239 1862 catharos.
1292 1795 1496 1861 patarenos.
1549 1791 1787 1879 Sparonietas.

412 1891 609 1960 Leonistas.
635 1955 638 1962 ,
660 1892 894 1974 Arnaldistas,
948 1893 1198 1962 Circumcisus.
1226 1905 1260 1962 et
1287 1915 1412 1973 ornnes
1439 1889 1626 1958 Hereticos
1656 1891 1789 1960 utrius·

413 2013 484 2086 que
510 1991 663 2061 Nomine
691 2001 906 2084 censeantur
932 2005 1108 2082 perpetua
1134 1994 1370 2084 dampnamus
1395 1987 1551 2058 iufamia.
1587 1989 1789 2060 diffidamus

411 2093 747 2184 atquehannimus.
800 2095 995 2162 Consentes
1022 2105 1061 2162 ut
1087 2096 1182 2163 bona
1207 2097 1331 2162 talium
1360 2093 1709 2171 confiscentur.„nec
1744 2090 1789 2158 ad
1893 2093 1894 2148 l

277 2242 283 2260 .
411 2213 474 2262 eos
507 2194 659 2259 ulterius
694 2200 933 2260 reuertentur.
981 2196 1035 2260 ltu
1068 2195 1166 2286 quod
1203 2193 1267 2282 filij
1295 2194 1340 2260 ad
1367 2191 1631 2260 successionem
1659 2213 1788 2260 eorum
1824 2215 1828 2224 ·

410 2293 606 2384 peruenire
640 2313 713 2358 non
746 2290 894 2381 possint.
945 2293 1046 2367 ¹Cum
1079 2296 1188 2384 longe
1224 2297 1270 2363 sit
1305 2295 1453 2383 grauius
1489 2301 1650 2360 eternam
1677 2315 1788 2384 quarn

408 2395 649 2483 temporalem
676 2391 858 2470 offendere
874 2386 1108 2461 Maiestatem.
1162 2395 1231 2488 Qui
1258 2406 1378 2464 autem
1398 2395 1535 2460 inuenti
1557 2392 1692 2462 fuerint
1708 2393 1789 2461 sola

350 2554 351 2565 ,
409 2493 616 2583 suspicione
642 2493 819 2560 notabiles
846 2492 914 2560 nisi
941 2493 985 2558 ad
1012 2493 1215 2571 nmndatum
1243 2495 1392 2562 ecclesia
1408 2495 1509 2562 iuxta
1529 2493 1787 2561 consideratio·

384 2650 388 2658 .
407 2613 492 2662 nem
518 2591 745 2681 suspicionis.
772 2581 1053 2685 qualitatemque
1069 2617 1224 2684 persone
1239 2593 1425 2686 propriam
1444 2594 1687 2662 innocentiam
1704 2614 1788 2661 con·

409 2713 501 2784 grus
527 2692 745 2783 purgatione
773 2696 1066 2762 monstrauerint.
1094 2705 1277 2788 tamquam
1311 2697 1464 2764 infames
1497 2704 1532 2761 et
1565 2693 1705 2760 banniti
1740 2695 1785 2760 ab

362 2823 368 2830 ·
410 2792 577 2864 omnihus
612 2793 823 2860 habeantur.
874 2795 1024 2886 ltaquod
1058 2796 1088 2863 si
1125 2796 1176 2865 sic
1211 2819 1412 2887 perannum
1446 2793 1712 2884 permanserint
1742 2813 1787 2862 ex

409 2901 495 2962 tunc
530 2915 591 2962 eos
627 2891 719 2961 siout
746 2895 932 2962 Heneticos
967 2896 1281 2985 condempnemus.
1342 2897 1536 2964 Statuimus
1569 2893 1677 2963 etiam
1718 2897 1786 2963 hoo
1893 2903 1894 2962 ζ

410 2993 530 3062 edicto
556 2994 813 3082 inperpetuum
840 2995 997 3061 ualituro
1023 3007 1063 3063 ut
1090 3007 1281 3083 potestates
1308 3005 1343 3063 ot
1370 2997 1544 3065 Consules
1571 3015 1636 3063 seu
1656 2995 1787 3062 Recto·

410 3113 479 3162 rea
494 3093 782 3184 quibuscumque
810 3093 1007 3182 fungantur
1033 3095 1157 3162 officiis
1185 3118 1250 3185 pro
1279 3096 1486 3165 defensione
1512 3091 1596 3164 fidei
1622 3104 1787 3184 prestent

320 3251 331 3270 ,
407 3191 555 3284 publice
582 3191 839 3257 iuramentum.
862 3193 980 3282 quod
986 3193 1029 3259 de
1056 3193 1162 3270 terris
1181 3217 1243 3264 sue
1265 3197 1507 3265 iurisdictrom
1522 3191 1694 3264 subrectis
1715 3197 1788 3263 vni·

407 3308 534 3363 uersos
563 3288 761 3358 Heretic.os
788 3290 835 3356 ab
863 3292 1015 3363 ecclesia
1040 3293 1237 3364 denotatos
1265 3297 1456 3366 bonafide
1484 3317 1551 3386 pro
1570 3295 1711 3362 uiribus
1728 3319 1787 3363 ex·

408 3392 604 3461 terminare
631 3391 843 3459 studebunt..
887 3393 940 3458 lta
966 3394 1062 3485 quod
1086 3396 1217 3464 amodo
1242 3398 1542 3488 quandocumque
1569 3391 1650 3487 quis
1673 3391 1787 3465 fuerit

407 3491 447 3560 in
472 3499 686 3581 potestatem
714 3491 926 3608 perpetuam
953 3495 1012 3560 uel
1039 3498 1274 3600 temporalem
1301 3508 1523 3586 assumptus,
1565 3499 1634 3564 hoc
1666 3506 1786 3565 tenea·

408 3601 469 3660 tur
495 3591 690 3681 capitulum
719 3590 922 3686 iuramento
942 3584 1103 3664 firmare.
1155 3597 1324 3690 Alioquin
1351 3619 1468 3688 neque
1495 3617 1562 3687 pro
1596 3597 1785 3687 potestati·

405 3691 486 3760 bus.
520 3710 639 3783 neque
675 3715 742 3781 pro
776 3695 986 3762 consulibus
1013 3696 1231 3785 habeantur,
1274 3719 1473 3788 eorumque
1508 3696 1706 3766 sententias
1741 3720 1787 3766 ex

407 3801 493 3860 tunc
521 3791 747 3860 decernimus
773 3793 894 3861 irritas
922 3805 957 3862 et
983 3797 1116 3865 inanes.
1176 3799 1214 3864 Si
1247 3819 1337 3866 uero
1371 3797 1538 3866 dominus
1573 3787 1819 3887 sempor-alia

406 3890 603 3983 requisitus
628 3902 663 3958 et
689 3893 846 3963 monitus
875 3896 919 3963 ab
947 3898 1096 3964 ecclesia
1124 3907 1256 3965 terram
1283 3918 1383 3964 suam
1406 3919 1562 3988 parvare
1577 3898 1786 3987 neglexerit

406 3991 453 4058 ab
480 3993 641 4060 heretica
669 3995 858 4084 prauitate.
885 4008 968 4086 post
994 4020 1126 4064 annum
1153 4022 1174 4065 a
1200 4008 1363 4088 tempore
1391 3995 1599 4068 monitionis
1618 3999 1784 4090 elapsum
1893 4081 1894 4084 Ἴ

404 4093 576 4162 terram
566 4093 679 4185 ipsius
705 4098 920 4188 exponimus
948 4098 1141 4168 Catholicis
1168 4100 1424 4189 occupandam.
1450 4099 1514 4194 qui
1548 4121 1627 4170 eam
1663 4109 1784 4168 exter·

1635 4201 1782 4270 minatis
