3804 4718
388 221 472 388 lib
539 413 545 426 x
784 285 1030 408 Diplomata
1057 281 1373 403 Imperatorum
1495 323 1503 330 ·

582 820 586 832 ¹
631 806 734 913 alerio¹
757 791 858 914 m-
889 817 1018 912 ‘mense
1042 845 1158 951 Aprili.
1204 847 1291 931 apud
1314 829 1520 916 Rirennam.

386 1031 632 1126 Friderious
661 1027 715 1116 Π.
745 1026 978 1141 imperator
1006 1025 1317 1114 monasterium
1347 1027 1550 1114 Sctorum
1578 1025 1697 1113 Petri
1723 1049 1765 1118 et

455 1148 577 1240 Pauli
606 1146 652 1233 in
681 1132 967 1251 WiIzeburc‚
999 1169 1100 1249 cum
1130 1145 1328 1230 omnibus
1354 1143 1697 1259 possessionibus

634 1260 753 1388 'eius
764 1325 779 1370 ‚
809 1258 890 1356 sub
921 1287 999 1346 sua
1027 1261 1294 1380 protectione
1323 1262 1487 1380 recipit.
1568 1357 1574 1368 ‚

384 1490 636 1578 (ceremon.)
672 1426 730 1561 In
761 1490 907 1560 nomine
939 1501 1064 1562 sancte
1097 1499 1135 1562 et
1162 1449 1349 1561 indiuidue
1373 1481 1557 1561 'trinitatis
1606 1487 1763 1560 Frideri·
1899 1558 1900 1568 ,

387 1627 464 1681 cus.
494 1604 674 1676 secundus
707 1604 831 1680 diuina
864 1605 1013 1678 fauente
1054 1603 1246 1674 clementia
1278 1605 1526 1693 Romanorum
1561 1603 1767 1696 Imperator
1893 1627 1897 1639 ¹

385 1727 532 1796 semper
556 1708 750 1796 Augustus.
800 1695 1002 1772 Jerusalem
1028 1715 1066 1773 et
1091 1699 1214 1772 Sicilie
1238 1705 1328 1772 Rex.
1380 1701 1558 1793 impensis
1576 1724 1599 1771 a
1616 1703 1766 1773 domino
1894 1731 1897 1789 p

383 1799 570 1874 beneficiis
596 1800 856 1892 respondemus
875 1813 911 1871 et
930 1804 963 1870 ei
982 1802 1180 1892 gratiarum
1196 1803 1380 1873 offerimus
1395 1805 1661 1886 holocaustum,
1681 1823 1766 1873 cum
1894 1817 1898 1891 J

385 1912 632 1972 sacrosanctas
647 1902 823 1970 Ecclesiae
848 1911 884 1969 et
900 1901 1120 1972 Monastesia
1146 1902 1224 1975 deo¹
1241 1899 1370 1986 dicate,
1395 1901 1523 1994 fauore
1542 1911 1666 1972 nostra
1681 1921 1767 1992 gra·

384 2005 436 2073 tie
462 2003 654 2072 intuentes.
680 2023 808 2069 eornm
833 2003 915 2093 paci
942 2011 977 2068 et
1002 2001 1120 2092 quieti
1142 1998 1430 2071 misericorditer
1456 2001 1703 2090 presidemus,
1727 2011 1765 2072 st

386 2125 456 2195 que
483 2115 556 2172 tam
576 2125 597 2170 a
617 2097 842 2193 principibus
869 2123 980 2194 quam
999 2124 1021 2170 a
1040 2102 1260 2195 quibuslibet
1285 2102 1366 2170 eliis
1393 2102 1481 2192 ipsis
1506 2111 1592 2170 sunt
1616 2101 1676 2191 pie
1693 2103 1765 2170 col·

385 2205 471 2288 late,
497 2203 697 2292 imperialis
721 2212 845 2269 nostra
864 2201 1047 2270 ¹serenitas
1073 2201 1328 2269 ratihabitione
1355 2201 1552 2269 confirmat.
1607 2199 1692 2268 inde
1709 2209 1767 2274 est
1898 2217 1899 2234 ²

386 2301 489 2395 quod
512 2322 578 2370 noe
603 2299 830 2371 attendentes
855 2300 955 2390 piem
980 2323 1068 2390 erga
1094 2300 1201 2368 deum
1226 2298 1311 2368 fidei
1337 2321 1380 2368 ac
1407 2295 1612 2370 deuotionis
1646 2299 1765 2370 inten·
1898 2327 1899 2360 2

386 2401 524 2469 tionem
539 2399 725 2490 Peregrini
751 2398 971 2470 venerabilis
992 2399 1143 2468 Abbatis
1161 2409 1197 2466 et
1214 2399 1423 2484 Conuentus
1436 2390 1648 2468 Mohasterii
1665 2419 1766 2469 sano·

383 2509 507 2569 torum
532 2499 630 2568 Petri
657 2508 694 2566 et
718 2498 818 2565 Pauli
843 2497 881 2564 in
907 2495 1128 2583 erdeshuse,
1160 2497 1321 2566 fidelium
1354 2508 1574 2568 nostrorum.
1599 2497 1766 2568 conside·

384 2608 507 2668 rantes
540 2593 797 2667 nichilominus
828 2594 942 2688 ipsius
976 2595 1051 2664 loei
1081 2596 1150 2670 deo
1174 2607 1315 2687 gratam
1340 2607 1379 2665 et
1402 2601 1590 2668 honestem
1616 2595 1764 2690 religio·
1889 2610 1892 2636 ¹

383 2719 487 2781 nem,
512 2719 622 2788 qnam
646 2695 780 2765 cotidie
804 2695 849 2764 de
873 2697 971 2764 bono
996 2694 1035 2762 in
1060 2697 1190 2765 melius
1218 2716 1382 2767 crescere
1409 2707 1444 2768 st
1463 2698 1502 2768 in
1518 2698 1764 2790 Christopre·

298 2798 299 2817 ¹
381 2798 493 2867 ficere
518 2797 613 2866 bene
638 2797 807 2865 redolens
832 2803 1024 2865 attestetur
1047 2796 1172 2887 opihio
1195 2796 1449 2887 plurimorum,
1474 2820 1557 2868 cum
1572 2798 1619 2867 ab
1636 2818 1682 2867 eo
1697 2797 1765 2892 qni

383 2896 538 2988 largitor
563 2905 618 2966 ast
643 2897 806 2964 omnium
831 2897 911 2966 Rex
935 2903 1088 2964 stabitne
1115 2896 1188 2966 sits
1212 2897 1452 2986 beneficium,
1487 2891 1639 2989 Imperii
1663 2917 1765 2988 seep-
1886 2947 1891 2954 -

382 3006 481 3065 trum
507 3005 543 3063 et
567 2997 697 3064 collata
723 2995 830 3066 nobis
855 2995 978 3062 eciam,
996 3003 1117 3064 cetera
1142 3015 1416 3084 cognoscamus,
1444 2997 1491 3065 de
1512 2997 1636 3098 inopte
1654 2997 1764 3069 nobis

382 3094 619 3183 benignitatis
639 3093 756 3182 gratia
780 3102 818 3160 et
841 3095 992 3161 obtentu
1016 3094 1266 3164 retributionis
1284 3105 1408 3164 eterne
1429 3095 1493 3165 sed
1510 3105 1546 3166 et
1562 3117 1631 3190 pro
1650 3119 1766 3168 reme·

385 3193 448 3264 dio
473 3192 675 3260 animarum
699 3189 861 3260 felicium
881 3201 1116 3280 augustorum
1135 3195 1315 3287 quondam
1331 3195 1606 3285 progenitorum
1621 3207 1765 3267 nostro·
1899 3227 1900 3258 t

385 3312 467 3362 rum
501 3289 587 3359 diua
621 3289 893 3360 reeordationis.
930 3290 976 3359 ad
1001 3300 1126 3362 nostre
1151 3315 1297 3386 quoque
1322 3297 1448 3366 salutis
1473 3303 1510 3365 et
1535 3295 1764 3370 excitationis

384 3401 631 3484 segmentum.
682 3387 943 3458 Monasterinm
969 3391 1087 3482 ipsum
1105 3392 1283 3462 Abbatem
1309 3405 1345 3463 et
1364 3395 1592 3465 Conuentum
1618 3394 1765 3488 predio·
1898 3399 1900 3472 ss

382 3502 441 3561 tos
467 3511 549 3558 cum
575 3489 742 3558 omnibus
766 3489 874 3559 bonis
900 3489 976 3560 suis
1001 3513 1073 3583 que
1098 3493 1137 3560 io
1162 3492 1322 3583 presenti
1348 3495 1442 3565 iuste
1473 3504 1577 3564 tenet
1604 3508 1644 3565 et
1676 3516 1763 3588 poa·

383 3590 496 3678 sidet,
521 3598 558 3658 et
583 3610 655 3680 qne
679 3587 823 3658 inantea
847 3589 941 3658 iusto
966 3591 1072 3660 titulo
1096 3593 1232 3682 poterit
1256 3593 1429 3684 adipisci,
1467 3595 1664 3666 clementer
1689 3597 1760 3666 sub

383 3700 510 3782 nostre
536 3689 731 3758 maiestatis
757 3689 985 3782 protectione
1010 3691 1206 3782 recipimus
1232 3715 1298 3784 per
1324 3695 1483 3782 potentie
1518 3705 1641 3782 nostre
1675 3694 1762 3766 bre·

254 3837 260 3845 ·
385 3789 506 3860 chium
530 3787 692 3878 benigno
717 3809 862 3880 semper
887 3785 1090 3881 patrocinio
1125 3788 1405 3864 consonandum.
1464 3795 1519 3864 De
1552 3793 1761 3865 hebundan·
1899 3813 1900 3818 ’

383 3889 470 3961 tiori
494 3908 641 3981 qnoque
666 3887 784 3978 gratia
808 3888 1031 3959 celsitudinis
1056 3901 1178 3961 nostre
1205 3895 1380 3984 qualooa
1403 3889 1577 3984 religiosa
1599 3893 1760 3986 benigne

381 4009 528 4083 semper
559 3988 812 4061 consueuimus
843 3987 987 4060 intueri.
1021 3991 1144 4062 omnia
1174 3989 1291 4079 bone,
1324 3994 1575 4087 possessiones
1600 4004 1637 4065 st
1664 3995 1758 4066 teni.

854 4109 866 4134 '
1635 4104 1759 4166 menta
