<?xml version="1.0" encoding="UTF-8"?>
<!DOCTYPE html PUBLIC "-//W3C//DTD XHTML 1.0 Transitional//EN"
    "http://www.w3.org/TR/xhtml1/DTD/xhtml1-transitional.dtd">
<html xmlns="http://www.w3.org/1999/xhtml" xml:lang="en" lang="en">
 <head>
  <title>
</title>
<meta http-equiv="Content-Type" content="text/html;charset=utf-8" />
  <meta name='ocr-system' content='tesseract 3.04.00' />
  <meta name='ocr-capabilities' content='ocr_page ocr_carea ocr_par ocr_line ocrx_word'/>
</head>
<body>
  <div class='ocr_page' id='page_1' title='image "./monumentaboicae22landgoog_0142.png"; bbox 0 0 3804 4718; ppageno 0'>
   <div class='ocr_carea' id='block_1_1' title="bbox 319 274 1384 421">
    <p class='ocr_par' dir='ltr' id='par_1_1' title="bbox 319 274 1384 421">
     <span class='ocr_line' id='line_1_1' title="bbox 319 274 1384 421; baseline -0.02 -13"><span class='ocrx_word' id='word_1_1' title='bbox 319 274 330 283; x_wconf 85' lang='lat'><strong><em>.</em></strong></span> <span class='ocrx_word' id='word_1_2' title='bbox 402 319 488 408; x_wconf 74' lang='lat'><strong>134</strong></span> <span class='ocrx_word' id='word_1_3' title='bbox 598 283 605 290; x_wconf 38' lang='lat'>¹</span> <span class='ocrx_word' id='word_1_4' title='bbox 794 287 1042 421; x_wconf 71' lang='lat' dir='ltr'><strong>lliplomata</strong></span> <span class='ocrx_word' id='word_1_5' title='bbox 1070 299 1384 420; x_wconf 74' lang='lat' dir='ltr'><strong>Imperatorum</strong></span> 
     </span>
    </p>
   </div>
   <div class='ocr_carea' id='block_1_2' title="bbox 392 535 1771 745">
    <p class='ocr_par' dir='ltr' id='par_1_2' title="bbox 392 535 1771 745">
     <span class='ocr_line' id='line_1_2' title="bbox 392 535 1771 620; baseline -0.007 -1"><span class='ocrx_word' id='word_1_6' title='bbox 392 568 487 620; x_wconf 73' lang='lat' dir='ltr'><strong>anno</strong></span> <span class='ocrx_word' id='word_1_7' title='bbox 522 543 704 619; x_wconf 83' lang='lat' dir='ltr'><strong>dominice</strong></span> <span class='ocrx_word' id='word_1_8' title='bbox 738 535 999 612; x_wconf 80' lang='lat' dir='ltr'><strong>incarnationis</strong></span> <span class='ocrx_word' id='word_1_9' title='bbox 1030 537 1238 610; x_wconf 84' lang='lat' dir='ltr'><strong>Milleslmc.</strong></span> <span class='ocrx_word' id='word_1_10' title='bbox 1282 535 1541 614; x_wconf 80' lang='lat' dir='ltr'><strong>ducentesimo.</strong></span> <span class='ocrx_word' id='word_1_11' title='bbox 1585 537 1771 614; x_wconf 71' lang='lat' dir='ltr'><strong>viredine.</strong></span> 
     </span>
     <span class='ocr_line' id='line_1_3' title="bbox 393 637 1436 745; baseline -0.011 -24"><span class='ocrx_word' id='word_1_12' title='bbox 393 651 534 745; x_wconf 84' lang='lat' dir='ltr'><strong>quinto.</strong></span> <span class='ocrx_word' id='word_1_13' title='bbox 586 648 712 716; x_wconf 84' lang='lat' dir='ltr'><strong>Mense</strong></span> <span class='ocrx_word' id='word_1_14' title='bbox 736 639 914 734; x_wconf 83' lang='lat' dir='ltr'><strong>Augusti,</strong></span> <span class='ocrx_word' id='word_1_15' title='bbox 939 639 1189 711; x_wconf 81' lang='lat' dir='ltr'><strong>tertiodecimo</strong></span> <span class='ocrx_word' id='word_1_16' title='bbox 1214 637 1436 730; x_wconf 82' lang='lat' dir='ltr'><strong>indictionis.</strong></span> 
     </span>
    </p>
   </div>
   <div class='ocr_carea' id='block_1_3' title="bbox 456 836 1773 1117">
    <p class='ocr_par' dir='ltr' id='par_1_3' title="bbox 456 836 1773 1117">
     <span class='ocr_line' id='line_1_4' title="bbox 456 836 1772 934; baseline -0.009 -21"><span class='ocrx_word' id='word_1_17' title='bbox 456 857 493 931; x_wconf 86' lang='lat' dir='ltr'><strong>a)</strong></span> <span class='ocrx_word' id='word_1_18' title='bbox 520 845 675 934; x_wconf 79' lang='lat' dir='ltr'><strong>Sigillum·</strong></span> <span class='ocrx_word' id='word_1_19' title='bbox 696 845 733 906; x_wconf 85' lang='lat' dir='ltr'><strong>in</strong></span> <span class='ocrx_word' id='word_1_20' title='bbox 759 861 815 906; x_wconf 81' lang='lat' dir='ltr'><strong>orn</strong></span> <span class='ocrx_word' id='word_1_21' title='bbox 840 840 994 904; x_wconf 86' lang='lat' dir='ltr'><strong>nonnihil</strong></span> <span class='ocrx_word' id='word_1_22' title='bbox 1019 840 1155 919; x_wconf 79' lang='lat' dir='ltr'><strong>laesum,</strong></span> <span class='ocrx_word' id='word_1_23' title='bbox 1181 861 1243 924; x_wconf 86' lang='lat' dir='ltr'><strong>qna</strong></span> <span class='ocrx_word' id='word_1_24' title='bbox 1268 836 1412 904; x_wconf 71' lang='lat' dir='ltr'><strong>laesione</strong></span> <span class='ocrx_word' id='word_1_25' title='bbox 1435 839 1559 924; x_wconf 79' lang='lat' dir='ltr'><strong>aliquot</strong></span> <span class='ocrx_word' id='word_1_26' title='bbox 1582 837 1709 902; x_wconf 79' lang='lat' dir='ltr'><strong>litterae</strong></span> <span class='ocrx_word' id='word_1_27' title='bbox 1720 838 1772 902; x_wconf 85' lang='lat' dir='ltr'><strong>itt·</strong></span> 
     </span>
     <span class='ocr_line' id='line_1_5' title="bbox 516 937 1773 1028; baseline -0.006 -18"><span class='ocrx_word' id='word_1_28' title='bbox 516 946 722 1028; x_wconf 81' lang='lat' dir='ltr'><strong>scriptionis,</strong></span> <span class='ocrx_word' id='word_1_29' title='bbox 748 939 933 1006; x_wconf 78' lang='lat' dir='ltr'><strong>mediceae</strong></span> <span class='ocrx_word' id='word_1_30' title='bbox 959 939 1127 1019; x_wconf 83' lang='lat' dir='ltr'><strong>finientis,</strong></span> <span class='ocrx_word' id='word_1_31' title='bbox 1153 953 1375 1019; x_wconf 80' lang='lat' dir='ltr'><strong>evanuerunt,</strong></span> <span class='ocrx_word' id='word_1_32' title='bbox 1401 941 1560 1024; x_wconf 76' lang='lat' dir='ltr'><strong>appendet</strong></span> <span class='ocrx_word' id='word_1_33' title='bbox 1586 957 1626 1004; x_wconf 83' lang='lat' dir='ltr'><strong>ex</strong></span> <span class='ocrx_word' id='word_1_34' title='bbox 1644 937 1710 1004; x_wconf 72' lang='lat' dir='ltr'><strong>titi·</strong></span> <span class='ocrx_word' id='word_1_35' title='bbox 1725 959 1773 1006; x_wconf 78' lang='lat' dir='ltr'><strong>ec·</strong></span> 
     </span>
     <span class='ocr_line' id='line_1_6' title="bbox 517 1035 1688 1117; baseline -0.012 -7"><span class='ocrx_word' id='word_1_36' title='bbox 517 1045 592 1111; x_wconf 84' lang='lat' dir='ltr'><strong>ricis</strong></span> <span class='ocrx_word' id='word_1_37' title='bbox 618 1045 695 1108; x_wconf 80' lang='lat' dir='ltr'><strong>fleri</strong></span> <span class='ocrx_word' id='word_1_38' title='bbox 721 1052 752 1106; x_wconf 83' lang='lat' dir='ltr'><strong>et</strong></span> <span class='ocrx_word' id='word_1_39' title='bbox 776 1041 866 1117; x_wconf 82' lang='lat' dir='ltr'><strong>rubri</strong></span> <span class='ocrx_word' id='word_1_40' title='bbox 892 1038 1019 1104; x_wconf 86' lang='lat' dir='ltr'><strong>coloris.</strong></span> <span class='ocrx_word' id='word_1_41' title='bbox 1601 1051 1605 1056; x_wconf 83' lang='lat'>&#39;</span> <span class='ocrx_word' id='word_1_42' title='bbox 1685 1035 1688 1042; x_wconf 85' lang='lat'>&#39;</span> 
     </span>
    </p>
   </div>
   <div class='ocr_carea' id='block_1_4' title="bbox 403 1161 1255 1436">
    <p class='ocr_par' dir='ltr' id='par_1_4' title="bbox 403 1161 1255 1436">
     <span class='ocr_line' id='line_1_7' title="bbox 403 1161 1255 1284; baseline -0.011 -17"><span class='ocrx_word' id='word_1_43' title='bbox 403 1197 406 1204; x_wconf 54' lang='lat'><strong>⁴</strong></span> <span class='ocrx_word' id='word_1_44' title='bbox 460 1161 493 1284; x_wconf 82' lang='lat' dir='ltr'><strong>l)¹</strong></span> <span class='ocrx_word' id='word_1_45' title='bbox 516 1198 653 1264; x_wconf 86' lang='lat' dir='ltr'><strong>indictio</strong></span> <span class='ocrx_word' id='word_1_46' title='bbox 678 1195 850 1281; x_wconf 74' lang='lat' dir='ltr'>respondet</span> <span class='ocrx_word' id='word_1_47' title='bbox 876 1215 962 1261; x_wconf 83' lang='lat' dir='ltr'><strong>enno</strong></span> <span class='ocrx_word' id='word_1_48' title='bbox 987 1193 1128 1260; x_wconf 81' lang='lat' dir='ltr'><strong>indicato</strong></span> <span class='ocrx_word' id='word_1_49' title='bbox 1160 1205 1255 1263; x_wconf 85' lang='grc'><strong>1225.</strong></span> 
     </span>
     <span class='ocr_line' id='line_1_8' title="bbox 465 1341 807 1436; baseline -0.015 -18"><span class='ocrx_word' id='word_1_50' title='bbox 465 1359 493 1436; x_wconf 85' lang='lat' dir='ltr'><strong>e)</strong></span> <span class='ocrx_word' id='word_1_51' title='bbox 519 1351 713 1416; x_wconf 82' lang='lat' dir='ltr'><strong>ineditum..</strong></span> <span class='ocrx_word' id='word_1_52' title='bbox 804 1341 807 1348; x_wconf 47' lang='lat'><strong>¹</strong></span> 
     </span>
    </p>
   </div>
   <div class='ocr_carea' id='block_1_5' title="bbox 906 1625 1255 1736">
    <p class='ocr_par' dir='ltr' id='par_1_5' title="bbox 906 1625 1255 1736">
     <span class='ocr_line' id='line_1_9' title="bbox 906 1625 1255 1736; baseline -0.017 -2"><span class='ocrx_word' id='word_1_53' title='bbox 906 1625 1255 1736; x_wconf 86' lang='lat' dir='ltr'><strong>DCLXXIII.</strong></span> 
     </span>
    </p>
   </div>
   <div class='ocr_carea' id='block_1_6' title="bbox 638 1830 1536 1938">
    <p class='ocr_par' dir='ltr' id='par_1_6' title="bbox 638 1830 1536 1938">
     <span class='ocr_line' id='line_1_10' title="bbox 638 1830 1536 1938; baseline -0.001 -17"><span class='ocrx_word' id='word_1_54' title='bbox 638 1834 732 1921; x_wconf 78' lang='lat' dir='ltr'><strong>Anno</strong></span> <span class='ocrx_word' id='word_1_55' title='bbox 760 1867 857 1924; x_wconf 79' lang='lat'><strong>1225.</strong></span> <span class='ocrx_word' id='word_1_56' title='bbox 907 1868 939 1921; x_wconf 83' lang='grc'><strong>4.</strong></span> <span class='ocrx_word' id='word_1_57' title='bbox 967 1855 1144 1938; x_wconf 85' lang='lat' dir='ltr'><strong>Septembr.</strong></span> <span class='ocrx_word' id='word_1_58' title='bbox 1195 1853 1282 1936; x_wconf 80' lang='lat' dir='ltr'><strong>apud</strong></span> <span class='ocrx_word' id='word_1_59' title='bbox 1307 1830 1536 1925; x_wconf 75' lang='lat' dir='ltr'><strong>wormatiam.</strong></span> 
     </span>
    </p>
   </div>
   <div class='ocr_carea' id='block_1_7' title="bbox 393 2021 1899 2267">
    <p class='ocr_par' dir='ltr' id='par_1_7' title="bbox 393 2021 1899 2267">
     <span class='ocr_line' id='line_1_11' title="bbox 393 2021 1899 2150; baseline -0.005 -21"><span class='ocrx_word' id='word_1_60' title='bbox 393 2039 617 2128; x_wconf 88' lang='lat' dir='ltr'><strong>Heinricus</strong></span> <span class='ocrx_word' id='word_1_61' title='bbox 647 2033 743 2123; x_wconf 90' lang='lat' dir='ltr'><strong>VII.</strong></span> <span class='ocrx_word' id='word_1_62' title='bbox 776 2061 854 2121; x_wconf 86' lang='lat' dir='ltr'><strong>rex</strong></span> <span class='ocrx_word' id='word_1_63' title='bbox 883 2055 1019 2122; x_wconf 86' lang='lat' dir='ltr'><strong>ratam</strong></span> <span class='ocrx_word' id='word_1_64' title='bbox 1059 2032 1189 2119; x_wconf 83' lang='lat' dir='ltr'><strong>habet</strong></span> <span class='ocrx_word' id='word_1_65' title='bbox 1224 2052 1269 2118; x_wconf 88' lang='lat' dir='ltr'><strong>et</strong></span> <span class='ocrx_word' id='word_1_66' title='bbox 1301 2021 1535 2120; x_wconf 66' lang='lat' dir='ltr'><strong>confirmat*</strong></span> <span class='ocrx_word' id='word_1_67' title='bbox 1551 2031 1773 2124; x_wconf 87' lang='lat' dir='ltr'><strong>alienatio·</strong></span> <span class='ocrx_word' id='word_1_68' title='bbox 1898 2135 1899 2150; x_wconf 15' lang='grc' dir='ltr'><strong><em>Ν</em></strong></span> 
     </span>
     <span class='ocr_line' id='line_1_12' title="bbox 395 2149 1772 2267; baseline -0.004 -20"><span class='ocrx_word' id='word_1_69' title='bbox 395 2189 520 2262; x_wconf 89' lang='lat' dir='ltr'><strong>nem,</strong></span> <span class='ocrx_word' id='word_1_70' title='bbox 564 2183 652 2267; x_wconf 86' lang='lat' dir='ltr'><strong>qua</strong></span> <span class='ocrx_word' id='word_1_71' title='bbox 689 2179 790 2236; x_wconf 87' lang='lat' dir='ltr'><strong>cum</strong></span> <span class='ocrx_word' id='word_1_72' title='bbox 830 2153 972 2238; x_wconf 90' lang='lat' dir='ltr'><strong>debita</strong></span> <span class='ocrx_word' id='word_1_73' title='bbox 1001 2152 1265 2238; x_wconf 82' lang='lat' dir='ltr'><strong>solemnitate</strong></span> <span class='ocrx_word' id='word_1_74' title='bbox 1297 2149 1474 2241; x_wconf 87' lang='lat' dir='ltr'><strong>ecclesia</strong></span> <span class='ocrx_word' id='word_1_75' title='bbox 1504 2151 1772 2242; x_wconf 82' lang='lat' dir='ltr'><strong>Porcetensis</strong></span> 
     </span>
    </p>
   </div>
   <div class='ocr_carea' id='block_1_8' title="bbox 427 2266 1744 2473">
    <p class='ocr_par' dir='ltr' id='par_1_8' title="bbox 427 2266 1744 2473">
     <span class='ocr_line' id='line_1_13' title="bbox 427 2266 1744 2470; baseline -0.003 -108"><span class='ocrx_word' id='word_1_76' title='bbox 427 2277 540 2362; x_wconf 87' lang='lat' dir='ltr'><strong>bona</strong></span> <span class='ocrx_word' id='word_1_77' title='bbox 568 2273 613 2358; x_wconf 90' lang='lat' dir='ltr'><strong>in</strong></span> <span class='ocrx_word' id='word_1_78' title='bbox 645 2271 819 2358; x_wconf 87' lang='lat' dir='ltr'><strong>Costem</strong></span> <span class='ocrx_word' id='word_1_79' title='bbox 847 2271 1047 2356; x_wconf 86' lang='lat' dir='ltr'><strong>ecclesiae</strong></span> <span class='ocrx_word' id='word_1_80' title='bbox 1070 2267 1190 2470; x_wconf 59' lang='lat' dir='ltr'><strong>piphati</strong></span> <span class='ocrx_word' id='word_1_81' title='bbox 1219 2266 1421 2383; x_wconf 89' lang='lat' dir='ltr'><strong>Stephani</strong></span> <span class='ocrx_word' id='word_1_82' title='bbox 1448 2267 1493 2353; x_wconf 89' lang='lat' dir='ltr'><strong>in</strong></span> <span class='ocrx_word' id='word_1_83' title='bbox 1523 2269 1744 2386; x_wconf 81' lang='lat' dir='ltr'><strong>Maguntia</strong></span> 
     </span>
     <span class='ocr_line' id='line_1_14' title="bbox 984 2402 1187 2473; baseline -0.034 -1"><span class='ocrx_word' id='word_1_84' title='bbox 984 2416 1067 2472; x_wconf 92' lang='lat' dir='ltr'><strong>ven</strong></span> <span class='ocrx_word' id='word_1_85' title='bbox 1159 2402 1187 2473; x_wconf 92' lang='lat' dir='ltr'><strong>t.</strong></span> 
     </span>
    </p>
   </div>
   <div class='ocr_carea' id='block_1_9' title="bbox 397 2561 1774 2707">
    <p class='ocr_par' dir='ltr' id='par_1_9' title="bbox 397 2561 1774 2707">
     <span class='ocr_line' id='line_1_15' title="bbox 397 2561 1774 2707; baseline -0.006 -13"><span class='ocrx_word' id='word_1_86' title='bbox 397 2561 605 2694; x_wconf 83' lang='lat' dir='ltr'><strong>Henricue</strong></span> <span class='ocrx_word' id='word_1_87' title='bbox 629 2615 687 2686; x_wconf 87' lang='lat' dir='ltr'><strong>dei</strong></span> <span class='ocrx_word' id='word_1_88' title='bbox 713 2614 832 2707; x_wconf 79' lang='lat' dir='ltr'><strong>gratia</strong></span> <span class='ocrx_word' id='word_1_89' title='bbox 856 2615 1105 2685; x_wconf 85' lang='lat' dir='ltr'><strong>Romanorum</strong></span> <span class='ocrx_word' id='word_1_90' title='bbox 1131 2613 1211 2684; x_wconf 82' lang='lat' dir='ltr'><strong>Rex</strong></span> <span class='ocrx_word' id='word_1_91' title='bbox 1234 2623 1270 2683; x_wconf 87' lang='lat' dir='ltr'><strong>et</strong></span> <span class='ocrx_word' id='word_1_92' title='bbox 1295 2635 1439 2706; x_wconf 82' lang='lat' dir='ltr'><strong>semper</strong></span> <span class='ocrx_word' id='word_1_93' title='bbox 1463 2617 1658 2706; x_wconf 80' lang='lat' dir='ltr'><strong>Augustus.</strong></span> <span class='ocrx_word' id='word_1_94' title='bbox 1696 2615 1774 2687; x_wconf 77' lang='lat' dir='ltr'><strong>vni-</strong></span> 
     </span>
    </p>
   </div>
   <div class='ocr_carea' id='block_1_10' title="bbox 394 2729 1853 3819">
    <p class='ocr_par' dir='ltr' id='par_1_10' title="bbox 394 2729 1853 3819">
     <span class='ocr_line' id='line_1_16' title="bbox 396 2729 1775 2821; baseline -0.006 -13"><span class='ocrx_word' id='word_1_95' title='bbox 396 2735 512 2808; x_wconf 79' lang='lat' dir='ltr'><strong>uersis</strong></span> <span class='ocrx_word' id='word_1_96' title='bbox 538 2733 672 2802; x_wconf 76' lang='lat' dir='ltr'><strong>Christi</strong></span> <span class='ocrx_word' id='word_1_97' title='bbox 698 2730 863 2800; x_wconf 82' lang='lat' dir='ltr'><strong>fidelibus</strong></span> <span class='ocrx_word' id='word_1_98' title='bbox 890 2730 936 2799; x_wconf 84' lang='lat' dir='ltr'><strong>ad</strong></span> <span class='ocrx_word' id='word_1_99' title='bbox 958 2751 1051 2821; x_wconf 79' lang='lat' dir='ltr'><strong>¹quos</strong></span> <span class='ocrx_word' id='word_1_100' title='bbox 1079 2749 1225 2818; x_wconf 76' lang='lat' dir='ltr'><strong>presens</strong></span> <span class='ocrx_word' id='word_1_101' title='bbox 1252 2729 1384 2818; x_wconf 83' lang='lat' dir='ltr'><strong>pagina</strong></span> <span class='ocrx_word' id='word_1_102' title='bbox 1409 2731 1619 2820; x_wconf 86' lang='lat' dir='ltr'><strong>peruenerit</strong></span> <span class='ocrx_word' id='word_1_103' title='bbox 1634 2729 1671 2797; x_wconf 94' lang='lat' dir='ltr'><strong>in</strong></span> <span class='ocrx_word' id='word_1_104' title='bbox 1692 2752 1775 2820; x_wconf 89' lang='lat' dir='ltr'><strong>per·</strong></span> 
     </span>
     <span class='ocr_line' id='line_1_17' title="bbox 395 2827 1773 2930; baseline -0.005 -23"><span class='ocrx_word' id='word_1_105' title='bbox 395 2848 557 2930; x_wconf 90' lang='lat' dir='ltr'><strong>petuum.</strong></span> <span class='ocrx_word' id='word_1_106' title='bbox 608 2833 741 2904; x_wconf 88' lang='lat' dir='ltr'><strong>Notum</strong></span> <span class='ocrx_word' id='word_1_107' title='bbox 766 2831 918 2901; x_wconf 80' lang='lat' dir='ltr'><strong>facimus</strong></span> <span class='ocrx_word' id='word_1_108' title='bbox 946 2831 1138 2899; x_wconf 75' lang='lat' dir='ltr'><strong>uniuersis.</strong></span> <span class='ocrx_word' id='word_1_109' title='bbox 1163 2827 1263 2921; x_wconf 89' lang='lat' dir='ltr'><strong>quod</strong></span> <span class='ocrx_word' id='word_1_110' title='bbox 1289 2847 1355 2897; x_wconf 81' lang='lat' dir='ltr'><strong>nce</strong></span> <span class='ocrx_word' id='word_1_111' title='bbox 1389 2839 1544 2919; x_wconf 87' lang='lat' dir='ltr'><strong>propter</strong></span> <span class='ocrx_word' id='word_1_112' title='bbox 1579 2839 1773 2920; x_wconf 79' lang='lat' dir='ltr'><strong>urgentem</strong></span> 
     </span>
     <span class='ocr_line' id='line_1_18' title="bbox 395 2927 1776 3008; baseline -0.005 -1"><span class='ocrx_word' id='word_1_113' title='bbox 395 2937 644 3008; x_wconf 82' lang='lat' dir='ltr'><strong>necessitatem</strong></span> <span class='ocrx_word' id='word_1_114' title='bbox 671 2943 714 3002; x_wconf 81' lang='lat' dir='ltr'><strong>et</strong></span> <span class='ocrx_word' id='word_1_115' title='bbox 734 2932 959 3001; x_wconf 82' lang='lat' dir='ltr'><strong>manifestam</strong></span> <span class='ocrx_word' id='word_1_116' title='bbox 984 2930 1177 2997; x_wconf 87' lang='lat' dir='ltr'><strong>utilitatem</strong></span> <span class='ocrx_word' id='word_1_117' title='bbox 1204 2927 1354 2996; x_wconf 78' lang='lat' dir='ltr'><strong>ecclesie</strong></span> <span class='ocrx_word' id='word_1_118' title='bbox 1380 2929 1616 2999; x_wconf 82' lang='lat' dir='ltr'><strong>Porcctensia.</strong></span> <span class='ocrx_word' id='word_1_119' title='bbox 1643 2929 1776 3000; x_wconf 79' lang='lat' dir='ltr'><strong>aliena·</strong></span> 
     </span>
     <span class='ocr_line' id='line_1_19' title="bbox 394 3026 1853 3120; baseline -0.003 -14"><span class='ocrx_word' id='word_1_120' title='bbox 394 3039 531 3106; x_wconf 85' lang='lat' dir='ltr'><strong>tionem</strong></span> <span class='ocrx_word' id='word_1_121' title='bbox 558 3032 688 3100; x_wconf 79' lang='lat' dir='ltr'><strong>factam</strong></span> <span class='ocrx_word' id='word_1_122' title='bbox 714 3029 758 3098; x_wconf 89' lang='lat' dir='ltr'><strong>de</strong></span> <span class='ocrx_word' id='word_1_123' title='bbox 784 3030 889 3099; x_wconf 83' lang='lat' dir='ltr'><strong>bonis</strong></span> <span class='ocrx_word' id='word_1_124' title='bbox 915 3029 951 3095; x_wconf 92' lang='lat' dir='ltr'><strong>in</strong></span> <span class='ocrx_word' id='word_1_125' title='bbox 972 3031 1116 3096; x_wconf 88' lang='lat' dir='ltr'><strong>Costem</strong></span> <span class='ocrx_word' id='word_1_126' title='bbox 1136 3048 1219 3095; x_wconf 88' lang='lat' dir='ltr'><strong>eum</strong></span> <span class='ocrx_word' id='word_1_127' title='bbox 1237 3026 1310 3093; x_wconf 83' lang='lat' dir='ltr'><strong>suis</strong></span> <span class='ocrx_word' id='word_1_128' title='bbox 1330 3027 1568 3116; x_wconf 86' lang='lat' dir='ltr'><strong>pertinentijs.</strong></span> <span class='ocrx_word' id='word_1_129' title='bbox 1589 3051 1660 3120; x_wconf 85' lang='lat' dir='ltr'><strong>que</strong></span> <span class='ocrx_word' id='word_1_130' title='bbox 1678 3029 1776 3100; x_wconf 75' lang='lat' dir='ltr'><strong>dieto</strong></span> <span class='ocrx_word' id='word_1_131' title='bbox 1851 3097 1853 3102; x_wconf 88' lang='grc'><em>,</em></span> 
     </span>
     <span class='ocr_line' id='line_1_20' title="bbox 397 3125 1774 3222; baseline -0.003 -18"><span class='ocrx_word' id='word_1_132' title='bbox 397 3133 548 3206; x_wconf 82' lang='lat' dir='ltr'><strong>ecclesia</strong></span> <span class='ocrx_word' id='word_1_133' title='bbox 574 3130 620 3198; x_wconf 86' lang='lat' dir='ltr'><strong>de</strong></span> <span class='ocrx_word' id='word_1_134' title='bbox 647 3147 825 3197; x_wconf 85' lang='lat' dir='ltr'><strong>consensu</strong></span> <span class='ocrx_word' id='word_1_135' title='bbox 850 3137 887 3195; x_wconf 89' lang='lat' dir='ltr'><strong>et</strong></span> <span class='ocrx_word' id='word_1_136' title='bbox 911 3127 1124 3195; x_wconf 84' lang='lat' dir='ltr'><strong>anctoritate</strong></span> <span class='ocrx_word' id='word_1_137' title='bbox 1149 3125 1377 3194; x_wconf 83' lang='lat' dir='ltr'><strong>venerabilis.</strong></span> <span class='ocrx_word' id='word_1_138' title='bbox 1405 3136 1441 3196; x_wconf 87' lang='lat' dir='ltr'><strong>et</strong></span> <span class='ocrx_word' id='word_1_139' title='bbox 1460 3126 1579 3196; x_wconf 83' lang='lat' dir='ltr'><strong>dilecti</strong></span> <span class='ocrx_word' id='word_1_140' title='bbox 1595 3128 1774 3222; x_wconf 78' lang='lat' dir='ltr'><strong>Principis</strong></span> 
     </span>
     <span class='ocr_line' id='line_1_21' title="bbox 397 3220 1775 3318; baseline -0.003 -14"><span class='ocrx_word' id='word_1_141' title='bbox 397 3233 514 3304; x_wconf 80' lang='lat' dir='ltr'><strong>neutri</strong></span> <span class='ocrx_word' id='word_1_142' title='bbox 539 3228 752 3318; x_wconf 74' lang='lat' dir='ltr'><strong>[ingelberti</strong></span> <span class='ocrx_word' id='word_1_143' title='bbox 778 3220 1013 3294; x_wconf 80' lang='lat' dir='ltr'><strong>coloniensis.</strong></span> <span class='ocrx_word' id='word_1_144' title='bbox 1038 3223 1322 3315; x_wconf 83' lang='lat' dir='ltr'><strong>Archiepiscopi.</strong></span> <span class='ocrx_word' id='word_1_145' title='bbox 1349 3226 1463 3296; x_wconf 80' lang='lat' dir='ltr'><strong>nostri</strong></span> <span class='ocrx_word' id='word_1_146' title='bbox 1497 3228 1702 3317; x_wconf 83' lang='lat' dir='ltr'><strong>pronisorir</strong></span> <span class='ocrx_word' id='word_1_147' title='bbox 1737 3241 1775 3300; x_wconf 87' lang='lat' dir='ltr'><strong>et</strong></span> 
     </span>
     <span class='ocr_line' id='line_1_22' title="bbox 397 3321 1776 3422; baseline 0 -22"><span class='ocrx_word' id='word_1_148' title='bbox 397 3327 527 3422; x_wconf 80' lang='lat' dir='ltr'><strong>Regnj.</strong></span> <span class='ocrx_word' id='word_1_149' title='bbox 553 3325 704 3398; x_wconf 79' lang='lat' dir='ltr'><strong>ecclesie</strong></span> <span class='ocrx_word' id='word_1_150' title='bbox 730 3321 828 3395; x_wconf 84' lang='lat' dir='ltr'><strong>beati</strong></span> <span class='ocrx_word' id='word_1_151' title='bbox 845 3323 1019 3415; x_wconf 82' lang='lat' dir='ltr'><strong>Stephani</strong></span> <span class='ocrx_word' id='word_1_152' title='bbox 1040 3323 1078 3390; x_wconf 87' lang='lat' dir='ltr'><strong>in</strong></span> <span class='ocrx_word' id='word_1_153' title='bbox 1095 3323 1293 3414; x_wconf 78' lang='lat' dir='ltr'><strong>Magantia.</strong></span> <span class='ocrx_word' id='word_1_154' title='bbox 1319 3346 1388 3414; x_wconf 90' lang='lat' dir='ltr'><strong>pro</strong></span> <span class='ocrx_word' id='word_1_155' title='bbox 1404 3339 1503 3397; x_wconf 84' lang='lat' dir='ltr'><strong>certa</strong></span> <span class='ocrx_word' id='word_1_156' title='bbox 1517 3329 1672 3418; x_wconf 86' lang='lat' dir='ltr'><strong>pecunie</strong></span> <span class='ocrx_word' id='word_1_157' title='bbox 1687 3353 1776 3400; x_wconf 88' lang='lat' dir='ltr'><strong>uen-</strong></span> 
     </span>
     <span class='ocr_line' id='line_1_23' title="bbox 401 3424 1775 3522; baseline -0.001 -20"><span class='ocrx_word' id='word_1_158' title='bbox 401 3427 495 3502; x_wconf 81' lang='lat' dir='ltr'><strong>didit</strong></span> <span class='ocrx_word' id='word_1_159' title='bbox 519 3425 732 3522; x_wconf 79' lang='lat' dir='ltr'><strong>quantitete.</strong></span> <span class='ocrx_word' id='word_1_160' title='bbox 761 3435 877 3494; x_wconf 83' lang='lat' dir='ltr'><strong>ratem</strong></span> <span class='ocrx_word' id='word_1_161' title='bbox 901 3424 1087 3500; x_wconf 82' lang='lat' dir='ltr'><strong>habemus.</strong></span> <span class='ocrx_word' id='word_1_162' title='bbox 1110 3434 1147 3491; x_wconf 94' lang='lat' dir='ltr'><strong>et</strong></span> <span class='ocrx_word' id='word_1_163' title='bbox 1172 3446 1250 3493; x_wconf 83' lang='lat' dir='ltr'><strong>eam</strong></span> <span class='ocrx_word' id='word_1_164' title='bbox 1276 3427 1394 3496; x_wconf 85' lang='lat' dir='ltr'><strong>nostri</strong></span> <span class='ocrx_word' id='word_1_165' title='bbox 1418 3427 1543 3519; x_wconf 85' lang='lat' dir='ltr'><strong>scripti</strong></span> <span class='ocrx_word' id='word_1_166' title='bbox 1574 3430 1775 3501; x_wconf 84' lang='lat' dir='ltr'><strong>munimine</strong></span> 
     </span>
     <span class='ocr_line' id='line_1_24' title="bbox 401 3523 1775 3619; baseline -0.004 -16"><span class='ocrx_word' id='word_1_167' title='bbox 401 3531 667 3604; x_wconf 79' lang='lat' dir='ltr'><strong>confirmemus.</strong></span> <span class='ocrx_word' id='word_1_168' title='bbox 717 3526 758 3593; x_wconf 88' lang='lat' dir='ltr'><strong>ln</strong></span> <span class='ocrx_word' id='word_1_169' title='bbox 791 3525 893 3594; x_wconf 82' lang='lat' dir='ltr'><strong>cuius</strong></span> <span class='ocrx_word' id='word_1_170' title='bbox 927 3523 981 3592; x_wconf 86' lang='lat' dir='ltr'><strong>rei</strong></span> <span class='ocrx_word' id='word_1_171' title='bbox 1015 3523 1263 3594; x_wconf 87' lang='lat' dir='ltr'><strong>testimoninm</strong></span> <span class='ocrx_word' id='word_1_172' title='bbox 1297 3535 1333 3595; x_wconf 90' lang='lat' dir='ltr'><strong>et</strong></span> <span class='ocrx_word' id='word_1_173' title='bbox 1367 3527 1586 3598; x_wconf 77' lang='lat' dir='ltr'><strong>firmitatem.</strong></span> <span class='ocrx_word' id='word_1_174' title='bbox 1611 3531 1775 3619; x_wconf 82' lang='lat' dir='ltr'><strong>presenti</strong></span> 
     </span>
     <span class='ocr_line' id='line_1_25' title="bbox 398 3622 1776 3724; baseline 0.003 -26"><span class='ocrx_word' id='word_1_175' title='bbox 398 3631 530 3724; x_wconf 75' lang='lat' dir='ltr'><strong>pagine</strong></span> <span class='ocrx_word' id='word_1_176' title='bbox 556 3626 716 3717; x_wconf 80' lang='lat' dir='ltr'><strong>sigillum</strong></span> <span class='ocrx_word' id='word_1_177' title='bbox 742 3634 906 3694; x_wconf 88' lang='lat' dir='ltr'><strong>nostrum</strong></span> <span class='ocrx_word' id='word_1_178' title='bbox 931 3622 1099 3694; x_wconf 82' lang='lat' dir='ltr'><strong>iussimus</strong></span> <span class='ocrx_word' id='word_1_179' title='bbox 1125 3625 1292 3716; x_wconf 82' lang='lat' dir='ltr'><strong>appendi.</strong></span> <span class='ocrx_word' id='word_1_180' title='bbox 1345 3630 1476 3700; x_wconf 80' lang='lat' dir='ltr'><strong>Datum</strong></span> <span class='ocrx_word' id='word_1_181' title='bbox 1502 3628 1600 3722; x_wconf 82' lang='lat' dir='ltr'><strong>apud</strong></span> <span class='ocrx_word' id='word_1_182' title='bbox 1612 3631 1776 3702; x_wconf 75' lang='lat' dir='ltr'><strong>Worrne·</strong></span> 
     </span>
     <span class='ocr_line' id='line_1_26' title="bbox 398 3723 1347 3819; baseline -0.003 -22"><span class='ocrx_word' id='word_1_183' title='bbox 398 3732 488 3804; x_wconf 80' lang='lat' dir='ltr'><strong>tiam</strong></span> <span class='ocrx_word' id='word_1_184' title='bbox 511 3730 552 3797; x_wconf 93' lang='lat' dir='ltr'><strong>ll.</strong></span> <span class='ocrx_word' id='word_1_185' title='bbox 602 3726 724 3796; x_wconf 78' lang='lat' dir='ltr'><strong>Nonus</strong></span> <span class='ocrx_word' id='word_1_186' title='bbox 748 3723 981 3819; x_wconf 85' lang='lat' dir='ltr'><strong>Septembris.</strong></span> <span class='ocrx_word' id='word_1_187' title='bbox 1031 3723 1230 3796; x_wconf 85' lang='lat' dir='ltr'><strong>Indictione</strong></span> <span class='ocrx_word' id='word_1_188' title='bbox 1254 3723 1347 3816; x_wconf 81' lang='lat' dir='ltr'><strong>xnj·.</strong></span> 
     </span>
    </p>
   </div>
   <div class='ocr_carea' id='block_1_11' title="bbox 464 3927 1772 4116">
    <p class='ocr_par' dir='ltr' id='par_1_11' title="bbox 464 3927 1772 4116">
     <span class='ocr_line' id='line_1_27' title="bbox 464 3927 1772 4021; baseline 0.003 -25"><span class='ocrx_word' id='word_1_189' title='bbox 464 3940 498 4018; x_wconf 79' lang='lat' dir='ltr'><strong>a)</strong></span> <span class='ocrx_word' id='word_1_190' title='bbox 524 3931 688 4021; x_wconf 73' lang='lat' dir='ltr'><strong>Sigillum,</strong></span> <span class='ocrx_word' id='word_1_191' title='bbox 713 3929 749 3995; x_wconf 94' lang='lat' dir='ltr'><strong>in</strong></span> <span class='ocrx_word' id='word_1_192' title='bbox 775 3943 863 4013; x_wconf 83' lang='lat' dir='ltr'><strong>parte</strong></span> <span class='ocrx_word' id='word_1_193' title='bbox 884 3929 1033 3996; x_wconf 77' lang='lat' dir='ltr'><strong>inferiori</strong></span> <span class='ocrx_word' id='word_1_194' title='bbox 1057 3927 1206 4011; x_wconf 80' lang='lat' dir='ltr'><strong>fractum,</strong></span> <span class='ocrx_word' id='word_1_195' title='bbox 1231 3933 1390 4016; x_wconf 84' lang='lat' dir='ltr'><strong>appendet</strong></span> <span class='ocrx_word' id='word_1_196' title='bbox 1416 3953 1456 4000; x_wconf 83' lang='lat' dir='ltr'><strong>ex</strong></span> <span class='ocrx_word' id='word_1_197' title='bbox 1480 3931 1544 4006; x_wconf 76' lang='lat' dir='ltr'><strong>dlis</strong></span> <span class='ocrx_word' id='word_1_198' title='bbox 1570 3935 1681 4004; x_wconf 75' lang='lat' dir='ltr'><strong>cericis</strong></span> <span class='ocrx_word' id='word_1_199' title='bbox 1697 3939 1772 4006; x_wconf 67' lang='lat' dir='ltr'><strong>rnlts</strong></span> 
     </span>
     <span class='ocr_line' id='line_1_28' title="bbox 521 4031 984 4116; baseline 0 -18"><span class='ocrx_word' id='word_1_200' title='bbox 521 4033 599 4100; x_wconf 78' lang='lat' dir='ltr'><strong>fleri</strong></span> <span class='ocrx_word' id='word_1_201' title='bbox 623 4044 655 4098; x_wconf 88' lang='lat' dir='ltr'><strong>et</strong></span> <span class='ocrx_word' id='word_1_202' title='bbox 678 4032 833 4116; x_wconf 84' lang='lat' dir='ltr'><strong>purpurei</strong></span> <span class='ocrx_word' id='word_1_203' title='bbox 858 4031 984 4098; x_wconf 80' lang='lat' dir='ltr'><strong>coleris.</strong></span> 
     </span>
    </p>
   </div>
   <div class='ocr_carea' id='block_1_12' title="bbox 0 0 1911 4708">
    <p class='ocr_par' dir='ltr' id='par_1_12' title="bbox 0 0 1911 4708">
     <span class='ocr_line' id='line_1_29' title="bbox 0 0 1911 4708; baseline 0 0"><span class='ocrx_word' id='word_1_204' title='bbox 0 0 1911 4708; x_wconf 95' lang='lat' dir='ltr'><strong> </strong></span> 
     </span>
    </p>
   </div>
  </div>
 </body>
</html>
