3864 4728
833 331 838 342 ’
950 357 1204 446 Autbentics

552 563 783 676 concordaiqne
813 611 884 654 cuna
915 593 1054 672 eodem,
1080 597 1115 660 in
1140 553 1274 680 qu'ornm
1310 577 1440 659 evidens
1466 592 1684 659 testimoninm
1708 611 1751 654 ms

405 699 409 706 '
551 709 651 754 manu
676 693 803 776 propria
833 691 1015 776 subscripsi.

756 999 770 1013 κ
871 921 1235 1032 ‘centvm
1326 1017 1329 1028 .

393 1143 592 1232 Clemens
627 1170 736 1258 papa
774 1145 829 1234 V·
873 1150 1060 1262 priorem
1100 1166 1143 1232 et
1180 1139 1334 1232 fratres
1377 1142 1532 1230 domus
1569 1141 1756 1230 dominici

391 1253 624 1376 sepulchri‘
645 1265 688 1350 in
718 1265 978 1370 Jerusalem,
1015 1267 1107 1381 ipsa
1137 1263 1303 1348 civitate
1330 1292 1355 1347 a
1386 1261 1606 1346 Saracenis
1636 1261 1757 1346 insul-

337 1385 353 1416 *
397 1397 495 1486 tate,
528 1382 724 1468 omnibus
758 1379 1323 1496 ecclesiarumpraesulibus
1342 1379 1465 1462 enixe
1487 1377 1757 1478 commendat,

502 1499 753 1613 magnisque
784 1526 858 1583 eos
889 1499 1117 1614 privilegiis
1150 1516 1191 1582 et
1217 1493 1486 1609 indulgentiis
1515 1513 1654 1610 auget.

794 1699 966 1766 Ariniona.
1000 1711 1095 1766 telo.
1148 1707 1200 1763 22.
1227 1697 1375 1762 October.

324 1921 327 1928 .
393 1811 590 1946 Clemens
620 1874 816 1966 episcopus
848 1895 976 1948 sernas
1010 1897 1200 1946 seruorum
1222 1817 1303 1944 «dei.
1355 1873 1502 1946 Gnnctis
1534 1871 1760 1944 ecclesiarum

352 2023 362 2052 l
392 1989 546 2058 Prelatis
584 1990 872 2084 Archiepiseopis
898 1993 1093 2084 Episcopia‘
1128 2003 1164 2062 et
1190 1992 1375 2061 Vniuersis
1409 1998 1530 2057 sancte
1557 1985 1683 2054 Matris
1715 2003 1762 2050 se·

392 2089 502 2157 clesie
527 2087 573 2156 ad
598 2111 689 2182 quos
716 2093 835 2160 littere
859 2093 928 2160 iste
956 2095 1189 2182 peruenerint
1207 2095 1364 2162 Salutem
1391 2099 1426 2157 et
1452 2085 1686 2180 apostolicam
1710 2083 1762 2150 ba·

381 2187 645 2283 ,nediclionem
695 2191 793 2284 Quot
820 2201 856 2260 et
882 2192 1025 2282 quantis
1052 2191 1273 2261 dilectissimi
1291 2190 1355 2278 filij
1373 2186 1768 2280 aduersitalibusqaam

390 2291 509 2378 lisque
535 2290 716 2380 pressuris
743 2299 779 2357 et
804 2291 999 2381 angustiis,
1028 2302 1233 2385 quantaque
1259 2311 1383 2358 rerum
1408 2285 1664 2370 instabilitate,
1690 2302 1761 2372 pre·

390 2388 504 2456 sentia
539 2387 614 2456 uite
648 2391 874 2458 conuersatio
901 2391 1085 2476 uarietur,
1125 2413 1171 2460 ex
1195 2391 1282 2482 ipsis
1308 2409 1431 2458 rerum
1457 2383 1647 2454 ruentibus
1673 2379 1763 2450 cnili·

318 2526 327 2536 -
388 2487 453 2554 bet
476 2483 584 2554 facile
608 2494 733 2576 patere
757 2497 890 2578 potest.
943 2489 1120 2558 clarescit
1145 2491 1336 2558 animiam
1362 2485 1522 2577 undique
1542 2477 1764 2553 iherusalem

390 2579 585 2652 ciuitatem
611 2596 771 2656 sanctam
784 2588 937 2656 Matrem
963 2597 1087 2657 nostre
1114 2589 1372 2679 redemptionis
1397 2585 1583 2674 flagellari,
1609 2593 1647 2652 et
1666 2575 1764 2649 creb-

331 2731 336 2738 -
389 2683 447 2752 ris
470 2680 779 2758 l'nsttltottbnt‘bua
801 2705 1098 2774 saracenorum,
1123 2691 1262 2774 uexari,
1287 2682 1521 2775 diuersasque
1546 2703 1670 2751 rerum
1696 2701 1763 2746 mn·

390 2785 701 2855 tationestotiens
726 2784 807 2854 lieri
833 2797 874 2855 ut
898 2780 978 2878 ipsa
1004 2790 1242 2879 prosperitas,
1282 2809 1352 2880 que
1379 2785 1513 2852 dudum
1540 2783 1628 2852 satie
1654 2779 1765 2872 parsit

390 2883 585 2970 durabilis,
611 2885 721 2954 modo
748 2888 829 2976 plus
855 2887 963 2956 etiam
990 2909 1100 2980 quam
1125 2889 1224 2957 credi
1251 2887 1366 2977 possit
1392 2883 1571 2953 instabilis
1597 2881 1764 2950 videatur.

295 2997 297 3001 ’
333 3014 339 3030 ·
392 2985 623 3078 Quapropter
656 2984 1015 3056 adnimavertendum
1049 2985 1442 3070 (animadvertendum)
1468 2993 1524 3052 est
1548 2999 1657 3076 quam
1683 2963 1765 3046 sala·
1899 3019 1900 3022 ,

359 3123 362 3134 ·
390 3082 469 3150 bris
494 3093 530 3152 et
556 3081 741 3151 fructuosa
766 3087 813 3150 sit
837 3084 1044 3153 diuinorum
1071 3087 1286 3155 obseruatio
1305 3093 1570 3176 preceptorum,
1601 3079 1766 3173 quoniam
1895 3075 1901 3090 '

392 3181 504 3248 totius
528 3178 653 3248 dinine
678 3181 810 3271 pagine
836 3181 995 3252 insinuat
1020 3185 1143 3272 series,
1169 3183 1287 3254 omnis
1312 3187 1388 3253 uita
1407 3183 1589 3251 bonorum
1608 3187 1764 3257 testatur,

394 3287 430 3343 et
470 3280 548 3369 ipse
585 3291 807 3370 exequenter
843 3303 889 3350 ex
923 3303 965 3350 ea
1000 3282 1139 3352 fructus
1176 3284 1357 3354 felicitatis
1396 3279 1608 3351 ostenditur.
1672 3275 1766 3345 Unde

393 3387 448 3445 est
482 3375 580 3470 quod
613 3379 720 3448 uobis
754 3381 964 3471 consulendj
1000 3381 1219 3453 arbitramur
1244 3405 1421 3476 prospera
1446 3381 1551 3476 buius
1575 3377 1699 3447 mundi
1722 3376 1767 3441 in·

394 3475 572 3545 durabilia
597 3478 737 3564 uitare,
763 3490 800 3549 et
826 3481 958 3552 diuinis
984 3485 1167 3576 preceptis
1194 3483 1315 3554 cordis
1335 3501 1441 3552 aurea
1464 3475 1659 3563 inclinare,
1685 3475 1767 3566 cele·

383 3575 509 3651 'stibus
542 3575 787 3648 indesinenter
822 3581 974 3651 inihiarc
1007 3583 1211 3669 (inhiare).
1262 3584 1354 3652 Nam
1386 3579 1482 3650 lilios
1507 3577 1767 3652 dilectioniset

390 3675 491 3764 paris
525 3674 689 3746 Priorem
713 3687 752 3746 et
774 3679 907 3752 fratres
933 3681 1061 3752 domus
1085 3682 1257 3755 dominici
1282 3681 1440 3774 sepulcri
1465 3669 1767 3750 Jberosolirnitani

329 3831 334 3847 ,
392 3773 437 3838 ad
462 3775 661 3864 Romanam
697 3777 886 3876 ecelesiam
921 3779 1023 3850 nullo
1059 3783 1180 3852 medio
1212 3779 1446 3876 pertinentis,
1488 3777 1627 3848 ordinis
1658 3767 1767 3844 sanati

391 3875 584 3962 augustini,
609 3885 645 3944 et
670 3875 885 3948 Sanctorum
909 3901 1111 3972 pauperum
1136 3882 1174 3951 in
1199 3901 1327 3954 eornm
1349 3879 1520 3950 domibus
1543 3877 1678 3968 ubique
1701 3883 1767 3942 ter·

391 3990 514 4040 rarum
534 3969 770 4047 laudabiliter
792 3977 1018 4066 famulantes,
1045 3991 1172 4053 nostra
1196 3982 1413 4052 anmoritnts
1437 3977 1544 4048 nobie
1569 3973 1765 4063 uestrisque

392 4073 644 4151 communibus
671 4078 930 4158 commendare
962 4077 1173 4156 studuimus.
1237 4081 1421 4182 Quoniam
1454 4079 1522 4150 aar
1555 4086 1609 4148 ast
1633 4072 1767 4150 annun
