3804 4718
635 279 902 371 tumentes.

407 588 454 609 ··
565 486 965 708 cccxxxvi.
1045 578 1053 592 ¹
1134 579 1136 586 ’

366 805 460 866 Anno
489 797 1170 906 1222.10.‘0ctob.apudrlugustam.

100 979 304 1071 Heinrious
320 977 429 1070 vu.
459 1009 538 1070 rex
562 975 704 1068 abbati
731 979 941 1068 Faucensi
971 980 1151 1100 eiusque
1193 989 1452 1072 successori-

73 1101 166 1186 *hus
191 1097 382 1214 indulget
409 1097 710 1188 sedationes
673 1125 866 1186 rtxarum
895 1099 1005 1204 inter
1035 1099 1217 1188 rusticos
1254 1120 1296 1186 et
1332 1130 1455 1188 man-

100 1217 212 1306 sorius
230 1218 479 1308 monasterii
502 1215 697 1353 eiusdem
717 1233 760 1302 et
780 1217 1047 1316 exactionem
1061 1206 1324 1324 reddituum,
1355 1217 1454 1302 ebs-

101 1359 171 1446 que
197 1335 440 1450 prasposito
469 1334 612 1448 regio,
654 1332 736 1418 nisi
765 1351 942 1448 propter
972 1337 1279 1423 contumaciam
1312 1333 1453 1420 horni-

145 1475 240 1537 num
271 1448 511 1540 eorundem
540 1461 618 1540 eut
640 1449 975 1564 magnitudinem
1002 1449 1103 1540 facti
1123 1450 1395 1539 advocandus

708 1585 830 1653 esset

100 1699 310 1872 Heinricus.
345 1793 537 1908 Septimus.
571 1791 714 1870 Divina.
748 1793 917 1877 Parente.
952 1795 1160 1868 Clementia.
1193 1795 1451 1869 Romanorum.

100 1907 172 1980 Rex.
196 1913 360 2025 Semper.
386 1880 616 2030 Augustus.)
610 1905 724 2010 Cum
748 1933 873 1984 ornnes
898 1910 1092 2006 petitiones
1113 1913 1383 2005 Religiosorum
1400 1915 1459 1982 vi-

101 2027 207 2080 rorum
230 2007 362 2108 libenti
386 2013 507 2093 animo
531 2013 684 2085 velimus
707 2011 889 2106 exaudire.
913 2007 1024 2099 justas
1051 2021 1169 2085 tamen
1196 2013 1359 2104 ipsorum
1376 2035 1458 2104 pre·

100 2126 147 2176 ces
170 2098 271 2182 nobis
297 2121 497 2202 porrectas.
523 2120 624 2183 tanto
650 2096 855 2229 promptius
882 2120 1049 2180 tenemur
1081 2109 1284 2180 admittere
1321 2123 1456 2204 quanto
1543 2183 1549 2188 ,

99 2205 214 2298 magis.
223 2209 386 2282 saluum
411 2212 530 2282 anime
557 2210 830 2284 Orationibus
819 2231 984 2301 ipsorum
1008 2208 1105 2300 apud
1129 2213 1246 2280 Deum
1268 2211 1456 2280 credimus

100 2309 314 2380 tormentari.
364 2309 459 2388 Hinc
495 2318 549 2380 ιιι
582 2307 679 2404 quod
714 2309 937 2403 significante
963 2307 1145 2380 NobisR.
1173 2309 1310 2380 Abbate
1337 2312 1460 2378 Mona-

101 2405 186 2474 sterii
209 2407 401 2480 Faucensis
426 2409 681 2480 intelleximus.
708 2408 806 2528 quod
831 2407 1048 2504 quandoque
1074 2409 1151 2478 rire
1170 2407 1267 2478 ιιιιιι·
1279 2411 1456 2483 hommes

99 2505 245 2577 ιιιιιιιοι.
271 2508 350 2579 sive
374 2497 589 2581 Mausarios.
613 2519 649 2579 et
673 2509 871 2580 servientes
905 2505 1068 2599 ejusdem
1092 2505 1305 2579 Monasterii
1338 2509 1458 2578 oriun-

99 2607 158 2672 ιιι.
182 2627 266 2698 quas
293 2607 392 2678 idem
417 2606 538 2682 Abbas
562 2610 620 2679 vel
646 2609 799 2701 quilibet
824 2609 1021 2679 Successor
1055 2627 1142 2678 suus
1175 2618 1238 2678 aut
1270 2631 1364 2700 pena
1396 2631 1458 2698 pe·

101 2701 241 2778 suniario
265 2708 327 2779 ιιι
343 2705 537 2800 corporali
559 2708 815 2800 Castigations.
841 2707 886 2780 de
911 2706 1007 2775 facili
1033 2717 1158 2799 postet
1183 2705 1319 2778 sedare.
1347 2711 1457 2779 corri-

100 2817 173 2888 gere
196 2814 231 2875 et
256 2805 461 2878 emendare
488 2816 656 2898 preterea
681 2806 896 2898 significavit
921 2804 1019 2874 Idem
1040 2806 1164 2879 Abbas
1192 2806 1290 2898 quod
1315 2807 1336 2873 ι
1359 2808 1458 2873 Man-

100 2900 188 2971 unta
211 2903 298 2975 dicti
314 2905 526 2976 Monasterii
552 2904 716 2976 redditus
742 2905 1012 2998 possessionum
1037 2925 1184 2974 suarum
1205 2902 1249 2974 de
1266 2903 1364 2972 facili
1381 2905 1456 2973 exi·

22 3015 24 3032 ²
100 3007 342 3088 convaleret
367 3005 431 3076 sed
455 3004 746 3097 siuePrepcsito
772 3003 817 3077 ds
844 3003 1085 3096 Schoneugor
1109 3003 1257 3094 exigere
1289 3025 1362 3073 non
1397 3027 1457 3072 au·

22 3109 25 3152 t
99 3093 150 3166 det
170 3123 233 3172 nac
257 3105 357 3176 rixas
382 3103 585 3177 emendare.
611 3104 745 3222 ιιιοιι
733 3127 773 3174 ιιι
791 3099 908 3198 grar'e
924 3103 1121 3219 dampnum
1140 3103 1256 3172 eidem
1276 3105 1456 3174 Menante-

99 3194 145 3264 tio
167 3221 237 3274 nou
261 3213 319 3276 est
343 3203 492 3276 dubium
517 3205 675 3276 evenire.
709 3203 805 3297 unde
839 3198 1063 3300 sepedictus
1071 3201 1194 3272 Abbas
1220 3201 1353 3275 Nostre
1388 3207 1457 3273 cel·

99 3293 228 3373 situdini
262 3297 452 3375 humiliter
483 3305 707 3398 supplicavit
742 3315 921 3400 quatenus
954 3301 1223 3374 emendationes
1261 3301 1455 3374 Servorum
1526 3393 1530 3401 Ι
1597 3280 1600 3288 ’

99 3409 230 3488 tuorum
252 3425 318 3474 seu
343 3403 546 3490 sedationes
571 3405 732 3496 rixarum
753 3403 854 3496 inter
883 3401 1058 3475 homines.
1094 3404 1259 3473 rusticos.
1297 3413 1332 3476 et
1359 3404 1458 3472 Man·

99 3495 198 3568 renos
205 3501 382 3594 ejusdem
407 3503 620 3574 Monastsrii
645 3514 682 3574 et
707 3504 936 3579 exactionem
960 3501 1168 3572 reddituum
1188 3506 1457 3618 possessionum

100 3609 229 3668 tuarum
254 3601 325 3672 sibi
348 3601 587 3695 dignaremur
610 3584 811 3696 indulgere.
860 3603 936 3672 Nos
963 3601 1077 3694 igitur
1100 3600 1270 3692 precibus
1296 3605 1370 3672 suis
1395 3623 1456 3669 an·

99 3709 234 3769 tuentes
258 3701 377 3772 eidem
401 3702 536 3774 Abbati
569 3713 606 3773 et
640 3702 808 3774 omnibus
835 3699 1112 3772 successoribus
1146 3699 1221 3771 suis
1252 3699 1456 3772 sedationes

98 3789 242 3869 lixarum
268 3821 350 3872 oum
376 3803 572 3894 sanguinis.
595 3801 769 3872 effusione
794 3801 852 3873 rel
877 3802 955 3872 sine
982 3800 1165 3894 sanguinis
1181 3799 1366 3870 effusione.
1386 3801 1458 3870 fac·

98 3895 204 3965 lotum
228 3909 265 3970 et
288 3901 576 3972 emendationem
602 3901 799 3972 Servorum
824 3909 861 3970 et
886 3902 1112 3975 exactionem
1138 3897 1345 3971 reddituum
1377 3921 1456 3970 suo·

99 4008 169 4060 mm
190 3996 228 4067 iu
253 4009 468 4092 perpetuum
494 3999 661 4071 duximus
686 3999 956 4094 indulgendum.
992 3998 1062 4071 nisi
1096 3999 1190 4069 torte
1215 3998 1454 4068 Defensorem

139 4115 200 4166 ¹⁰⁸·
212 4119 276 4168 sete
294 4122 351 4172 Vol.
363 4125 429 4174 m.
452 4136 496 4170 sse
509 4121 656 4170 ιοιιιιιιιιιι
670 4135 745 4170 amas
758 4123 804 4168 ut.
1195 4105 1243 4170 20
