<?xml version="1.0" encoding="UTF-8"?>
<!DOCTYPE html PUBLIC "-//W3C//DTD XHTML 1.0 Transitional//EN"
    "http://www.w3.org/TR/xhtml1/DTD/xhtml1-transitional.dtd">
<html xmlns="http://www.w3.org/1999/xhtml" xml:lang="en" lang="en">
 <head>
  <title>
</title>
<meta http-equiv="Content-Type" content="text/html;charset=utf-8" />
  <meta name='ocr-system' content='tesseract 3.04.00' />
  <meta name='ocr-capabilities' content='ocr_page ocr_carea ocr_par ocr_line ocrx_word'/>
</head>
<body>
  <div class='ocr_page' id='page_1' title='image "./monumentaboicae22landgoog_0436.png"; bbox 0 0 3864 4728; ppageno 0'>
   <div class='ocr_carea' id='block_1_1' title="bbox 751 303 1204 412">
    <p class='ocr_par' dir='ltr' id='par_1_1' title="bbox 751 303 1204 412">
     <span class='ocr_line' id='line_1_1' title="bbox 751 303 1204 412; baseline 0.011 -5"><span class='ocrx_word' id='word_1_1' title='bbox 751 313 754 329; x_wconf 82' lang='lat'>&#39;</span> <span class='ocrx_word' id='word_1_2' title='bbox 816 303 839 322; x_wconf 26' lang='lat'>&#39;¹</span> <span class='ocrx_word' id='word_1_3' title='bbox 930 321 1204 412; x_wconf 68' lang='lat' dir='ltr'>&#39;Authentioa</span> 
     </span>
    </p>
   </div>
   <div class='ocr_carea' id='block_1_2' title="bbox 703 455 1222 728">
    <p class='ocr_par' dir='ltr' id='par_1_2' title="bbox 674 455 1222 728">
     <span class='ocr_line' id='line_1_2' title="bbox 703 455 1222 728; baseline -0.005 -70.159"><span class='ocrx_word' id='word_1_4' title='bbox 703 455 727 642; x_wconf 61' lang='grc' dir='ltr'>’τ</span> <span class='ocrx_word' id='word_1_5' title='bbox 846 605 849 612; x_wconf 87' lang='lat'>·</span> <span class='ocrx_word' id='word_1_6' title='bbox 929 550 1222 728; x_wconf 60' lang='lat' dir='ltr'>cunnus.</span> 
     </span>
    </p>
   </div>
   <div class='ocr_carea' id='block_1_3' title="bbox 300 757 1762 1198">
    <p class='ocr_par' dir='ltr' id='par_1_3' title="bbox 300 757 1760 878">
     <span class='ocr_line' id='line_1_3' title="bbox 300 757 1760 878; baseline -0.003 -29"><span class='ocrx_word' id='word_1_7' title='bbox 300 794 304 808; x_wconf 80' lang='lat'><em>·</em></span> <span class='ocrx_word' id='word_1_8' title='bbox 384 757 609 849; x_wconf 77' lang='lat' dir='ltr'>conradus</span> <span class='ocrx_word' id='word_1_9' title='bbox 651 759 857 878; x_wconf 82' lang='lat' dir='ltr'>plebanus</span> <span class='ocrx_word' id='word_1_10' title='bbox 902 759 945 845; x_wconf 84' lang='lat' dir='ltr'>S·</span> <span class='ocrx_word' id='word_1_11' title='bbox 976 757 1115 873; x_wconf 84' lang='lat' dir='ltr'>Egidii</span> <span class='ocrx_word' id='word_1_12' title='bbox 1144 759 1339 846; x_wconf 83' lang='lat' dir='ltr'>Pataviac</span> <span class='ocrx_word' id='word_1_13' title='bbox 1379 759 1664 864; x_wconf 78' lang='lat' dir='ltr'>consentiente</span> <span class='ocrx_word' id='word_1_14' title='bbox 1699 789 1760 846; x_wconf 85' lang='lat' dir='ltr'>ca·</span> 
     </span>
    </p>

    <p class='ocr_par' dir='ltr' id='par_1_4' title="bbox 308 875 1761 994">
     <span class='ocr_line' id='line_1_4' title="bbox 308 875 1761 994; baseline -0.002 -32"><span class='ocrx_word' id='word_1_15' title='bbox 308 897 313 988; x_wconf 72' lang='grc' dir='ltr'>ζ</span> <span class='ocrx_word' id='word_1_16' title='bbox 387 879 520 994; x_wconf 88' lang='lat' dir='ltr'>pitulo</span> <span class='ocrx_word' id='word_1_17' title='bbox 563 883 725 967; x_wconf 83' lang='lat' dir='ltr'>curiam</span> <span class='ocrx_word' id='word_1_18' title='bbox 764 878 967 966; x_wconf 85' lang='lat' dir='ltr'>ecclesiae</span> <span class='ocrx_word' id='word_1_19' title='bbox 996 905 1102 975; x_wconf 67' lang='lat' dir='ltr'>suec¹</span> <span class='ocrx_word' id='word_1_20' title='bbox 1128 879 1170 962; x_wconf 89' lang='lat' dir='ltr'>in</span> <span class='ocrx_word' id='word_1_21' title='bbox 1199 877 1354 991; x_wconf 81' lang='lat' dir='ltr'>Reting</span> <span class='ocrx_word' id='word_1_22' title='bbox 1381 875 1638 963; x_wconf 87' lang='lat' dir='ltr'>hereditario</span> <span class='ocrx_word' id='word_1_23' title='bbox 1668 879 1761 990; x_wconf 88' lang='lat' dir='ltr'>jure</span> 
     </span>
    </p>

    <p class='ocr_par' dir='ltr' id='par_1_5' title="bbox 384 993 1762 1198">
     <span class='ocr_line' id='line_1_5' title="bbox 384 993 1762 1198; baseline -0.001 -119"><span class='ocrx_word' id='word_1_24' title='bbox 384 998 613 1113; x_wconf 77' lang='lat' dir='ltr'>vulgariter</span> <span class='ocrx_word' id='word_1_25' title='bbox 660 995 1135 1198; x_wconf 73' lang='lat' dir='ltr'>‚,Erbrecht“ldicto,</span> <span class='ocrx_word' id='word_1_26' title='bbox 1178 993 1357 1127; x_wconf 74' lang='lat' dir='ltr'>confert</span> <span class='ocrx_word' id='word_1_27' title='bbox 1390 993 1643 1100; x_wconf 84' lang='lat' dir='ltr'>Berthold0,</span> <span class='ocrx_word' id='word_1_28' title='bbox 1692 1023 1762 1078; x_wconf 90' lang='lat' dir='ltr'>co-</span> 
     </span>
     <span class='ocr_line' id='line_1_6' title="bbox 981 1139 1189 1198; baseline -0.019 0"><span class='ocrx_word' id='word_1_29' title='bbox 981 1142 1065 1198; x_wconf 89' lang='lat' dir='ltr'>ono</span> <span class='ocrx_word' id='word_1_30' title='bbox 1097 1139 1189 1198; x_wconf 88' lang='lat' dir='ltr'>suo.</span> 
     </span>
    </p>
   </div>
   <div class='ocr_carea' id='block_1_4' title="bbox 898 1288 1375 1382">
    <p class='ocr_par' dir='ltr' id='par_1_6' title="bbox 898 1288 1375 1382">
     <span class='ocr_line' id='line_1_7' title="bbox 898 1288 1375 1382; baseline -0.017 -25"><span class='ocrx_word' id='word_1_31' title='bbox 898 1299 991 1374; x_wconf 76' lang='lat' dir='ltr'>teot-</span> <span class='ocrx_word' id='word_1_32' title='bbox 1044 1303 1074 1356; x_wconf 84' lang='grc'>’1.</span> <span class='ocrx_word' id='word_1_33' title='bbox 1102 1288 1252 1355; x_wconf 79' lang='lat' dir='ltr'>Februsr.</span> <span class='ocrx_word' id='word_1_34' title='bbox 1369 1373 1375 1382; x_wconf 88' lang='lat'>.</span> 
     </span>
    </p>
   </div>
   <div class='ocr_carea' id='block_1_5' title="bbox 384 1407 1762 1562">
    <p class='ocr_par' dir='ltr' id='par_1_7' title="bbox 384 1407 1762 1562">
     <span class='ocr_line' id='line_1_8' title="bbox 384 1407 1762 1562; baseline -0.002 -25"><span class='ocrx_word' id='word_1_35' title='bbox 384 1407 488 1558; x_wconf 78' lang='lat' dir='ltr'>Ego</span> <span class='ocrx_word' id='word_1_36' title='bbox 515 1467 729 1540; x_wconf 69' lang='lat' dir='ltr'>chunradus</span> <span class='ocrx_word' id='word_1_37' title='bbox 755 1471 934 1542; x_wconf 82' lang='lat' dir='ltr'>Plebenus</span> <span class='ocrx_word' id='word_1_38' title='bbox 960 1463 1080 1560; x_wconf 79' lang='lat' dir='ltr'>Senctj</span> <span class='ocrx_word' id='word_1_39' title='bbox 1106 1467 1226 1562; x_wconf 77' lang='lat' dir='ltr'>Egidij</span> <span class='ocrx_word' id='word_1_40' title='bbox 1251 1465 1416 1551; x_wconf 76' lang='lat' dir='ltr'>Peteuie,</span> <span class='ocrx_word' id='word_1_41' title='bbox 1451 1467 1624 1536; x_wconf 68' lang='lat' dir='ltr'>Constare</span> <span class='ocrx_word' id='word_1_42' title='bbox 1650 1465 1762 1556; x_wconf 85' lang='lat' dir='ltr'>Cupio</span> 
     </span>
    </p>
   </div>
   <div class='ocr_carea' id='block_1_6' title="bbox 384 1579 1764 1876">
    <p class='ocr_par' dir='ltr' id='par_1_8' title="bbox 384 1579 1764 1876">
     <span class='ocr_line' id='line_1_9' title="bbox 384 1579 1764 1676; baseline -0.001 -24"><span class='ocrx_word' id='word_1_43' title='bbox 384 1583 620 1654; x_wconf 88' lang='lat' dir='ltr'>Presencium</span> <span class='ocrx_word' id='word_1_44' title='bbox 645 1579 912 1675; x_wconf 74' lang='lat' dir='ltr'>inspectoribus</span> <span class='ocrx_word' id='word_1_45' title='bbox 938 1587 1135 1666; x_wconf 84' lang='lat' dir='ltr'>vniuersis‚</span> <span class='ocrx_word' id='word_1_46' title='bbox 1163 1583 1261 1676; x_wconf 85' lang='lat' dir='ltr'>quod</span> <span class='ocrx_word' id='word_1_47' title='bbox 1287 1605 1354 1675; x_wconf 83' lang='lat' dir='ltr'>ego</span> <span class='ocrx_word' id='word_1_48' title='bbox 1381 1581 1425 1652; x_wconf 85' lang='lat' dir='ltr'>dc</span> <span class='ocrx_word' id='word_1_49' title='bbox 1452 1603 1631 1651; x_wconf 80' lang='lat' dir='ltr'>consensu</span> <span class='ocrx_word' id='word_1_50' title='bbox 1649 1581 1764 1650; x_wconf 81' lang='lat' dir='ltr'>etbe-</span> 
     </span>
     <span class='ocr_line' id='line_1_10' title="bbox 384 1679 1763 1778; baseline -0.001 -28"><span class='ocrx_word' id='word_1_51' title='bbox 384 1681 565 1772; x_wconf 82' lang='lat' dir='ltr'>neplecito</span> <span class='ocrx_word' id='word_1_52' title='bbox 592 1687 808 1753; x_wconf 75' lang='lat' dir='ltr'>venerabilis</span> <span class='ocrx_word' id='word_1_53' title='bbox 837 1687 992 1778; x_wconf 72' lang='lat' dir='ltr'>Capituli</span> <span class='ocrx_word' id='word_1_54' title='bbox 1020 1683 1241 1755; x_wconf 82' lang='lat' dir='ltr'>Peteuiensis</span> <span class='ocrx_word' id='word_1_55' title='bbox 1267 1683 1383 1772; x_wconf 83' lang='lat' dir='ltr'>loceuj</span> <span class='ocrx_word' id='word_1_56' title='bbox 1412 1693 1446 1751; x_wconf 92' lang='lat' dir='ltr'>et</span> <span class='ocrx_word' id='word_1_57' title='bbox 1473 1681 1608 1768; x_wconf 87' lang='lat' dir='ltr'>contulj</span> <span class='ocrx_word' id='word_1_58' title='bbox 1635 1679 1763 1748; x_wconf 88' lang='lat' dir='ltr'>heridi-</span> 
     </span>
     <span class='ocr_line' id='line_1_11' title="bbox 384 1779 1764 1876; baseline -0.001 -26"><span class='ocrx_word' id='word_1_59' title='bbox 384 1779 479 1850; x_wconf 76' lang='lat' dir='ltr'>t&#39;erio</span> <span class='ocrx_word' id='word_1_60' title='bbox 505 1782 585 1851; x_wconf 88' lang='lat' dir='ltr'>iure</span> <span class='ocrx_word' id='word_1_61' title='bbox 611 1784 709 1876; x_wconf 88' lang='lat' dir='ltr'>quod</span> <span class='ocrx_word' id='word_1_62' title='bbox 735 1788 923 1876; x_wconf 77' lang='lat' dir='ltr'>wlgeriter</span> <span class='ocrx_word' id='word_1_63' title='bbox 949 1781 1150 1862; x_wconf 82' lang='lat' dir='ltr'>Erbrecltt</span> <span class='ocrx_word' id='word_1_64' title='bbox 1174 1783 1307 1852; x_wconf 85' lang='lat' dir='ltr'>dicitur</span> <span class='ocrx_word' id='word_1_65' title='bbox 1331 1779 1478 1852; x_wconf 76' lang='lat' dir='ltr'>Curium</span> <span class='ocrx_word' id='word_1_66' title='bbox 1504 1779 1665 1850; x_wconf 84' lang='lat' dir='ltr'>Ecclesie</span> <span class='ocrx_word' id='word_1_67' title='bbox 1689 1803 1764 1848; x_wconf 88' lang='lat' dir='ltr'>mee</span> 
     </span>
    </p>
   </div>
   <div class='ocr_carea' id='block_1_7' title="bbox 384 1881 1880 1976">
    <p class='ocr_par' dir='ltr' id='par_1_9' title="bbox 384 1881 1880 1976">
     <span class='ocr_line' id='line_1_12' title="bbox 384 1881 1880 1976; baseline -0.001 -26"><span class='ocrx_word' id='word_1_68' title='bbox 384 1883 423 1950; x_wconf 89' lang='lat' dir='ltr'>in</span> <span class='ocrx_word' id='word_1_69' title='bbox 449 1881 584 1973; x_wconf 79' lang='lat' dir='ltr'>Reting</span> <span class='ocrx_word' id='word_1_70' title='bbox 616 1905 698 1951; x_wconf 90' lang='lat' dir='ltr'>cum</span> <span class='ocrx_word' id='word_1_71' title='bbox 732 1887 899 1955; x_wconf 88' lang='lat' dir='ltr'>omnibus</span> <span class='ocrx_word' id='word_1_72' title='bbox 924 1887 999 1955; x_wconf 86' lang='lat' dir='ltr'>suis</span> <span class='ocrx_word' id='word_1_73' title='bbox 1024 1884 1255 1976; x_wconf 75' lang='lat' dir='ltr'>pertinentiis</span> <span class='ocrx_word' id='word_1_74' title='bbox 1280 1881 1495 1954; x_wconf 88' lang='lat' dir='ltr'>Percbtoldo</span> <span class='ocrx_word' id='word_1_75' title='bbox 1523 1883 1663 1950; x_wconf 88' lang='lat' dir='ltr'>Colono</span> <span class='ocrx_word' id='word_1_76' title='bbox 1690 1901 1766 1950; x_wconf 89' lang='lat' dir='ltr'>meo</span> <span class='ocrx_word' id='word_1_77' title='bbox 1876 1921 1880 1930; x_wconf 90' lang='lat'><strong>·</strong></span> 
     </span>
    </p>
   </div>
   <div class='ocr_carea' id='block_1_8' title="bbox 383 1977 1765 2078">
    <p class='ocr_par' dir='ltr' id='par_1_10' title="bbox 383 1977 1765 2078">
     <span class='ocr_line' id='line_1_13' title="bbox 383 1977 1765 2078; baseline 0.001 -29"><span class='ocrx_word' id='word_1_78' title='bbox 383 1980 556 2078; x_wconf 79' lang='lat' dir='ltr'>residenti</span> <span class='ocrx_word' id='word_1_79' title='bbox 584 1977 621 2050; x_wconf 89' lang='lat' dir='ltr'>in</span> <span class='ocrx_word' id='word_1_80' title='bbox 647 1982 785 2072; x_wconf 84' lang='lat' dir='ltr'>eedem,</span> <span class='ocrx_word' id='word_1_81' title='bbox 811 1997 847 2054; x_wconf 90' lang='lat' dir='ltr'>et</span> <span class='ocrx_word' id='word_1_82' title='bbox 872 1987 977 2076; x_wconf 83' lang='lat' dir='ltr'>uxorj</span> <span class='ocrx_word' id='word_1_83' title='bbox 1005 2008 1069 2072; x_wconf 81' lang='lat' dir='ltr'>suc</span> <span class='ocrx_word' id='word_1_84' title='bbox 1095 1984 1297 2075; x_wconf 83' lang='lat' dir='ltr'>Elyzebeth</span> <span class='ocrx_word' id='word_1_85' title='bbox 1322 1995 1359 2053; x_wconf 91' lang='lat' dir='ltr'>et</span> <span class='ocrx_word' id='word_1_86' title='bbox 1384 1984 1547 2074; x_wconf 88' lang='lat' dir='ltr'>ipsorum</span> <span class='ocrx_word' id='word_1_87' title='bbox 1574 1981 1765 2066; x_wconf 80' lang='lat' dir='ltr'>heredibus</span> 
     </span>
    </p>
   </div>
   <div class='ocr_carea' id='block_1_9' title="bbox 334 2079 1908 2376">
    <p class='ocr_par' dir='ltr' id='par_1_11' title="bbox 334 2079 1908 2376">
     <span class='ocr_line' id='line_1_14' title="bbox 386 2079 1908 2178; baseline -0.003 -28"><span class='ocrx_word' id='word_1_88' title='bbox 386 2079 456 2166; x_wconf 85' lang='lat' dir='ltr'>sub</span> <span class='ocrx_word' id='word_1_89' title='bbox 476 2083 549 2163; x_wconf 64' lang='lat' dir='ltr'>¹boc</span> <span class='ocrx_word' id='word_1_90' title='bbox 574 2080 714 2170; x_wconf 80' lang='lat' dir='ltr'>forme,</span> <span class='ocrx_word' id='word_1_91' title='bbox 752 2087 947 2178; x_wconf 81' lang='lat' dir='ltr'>quod-ipsi</span> <span class='ocrx_word' id='word_1_92' title='bbox 973 2097 1035 2154; x_wconf 82' lang='lat' dir='ltr'>eut</span> <span class='ocrx_word' id='word_1_93' title='bbox 1061 2107 1187 2155; x_wconf 90' lang='lat' dir='ltr'>eorum</span> <span class='ocrx_word' id='word_1_94' title='bbox 1214 2105 1440 2154; x_wconf 86' lang='lat' dir='ltr'>successores</span> <span class='ocrx_word' id='word_1_95' title='bbox 1466 2084 1609 2152; x_wconf 84' lang='lat' dir='ltr'>soluere</span> <span class='ocrx_word' id='word_1_96' title='bbox 1636 2082 1766 2150; x_wconf 86' lang='lat' dir='ltr'>debent</span> <span class='ocrx_word' id='word_1_97' title='bbox 1906 2101 1908 2166; x_wconf 73' lang='lat'>1</span> 
     </span>
     <span class='ocr_line' id='line_1_15' title="bbox 387 2173 1908 2278; baseline -0.001 -26"><span class='ocrx_word' id='word_1_98' title='bbox 387 2181 554 2252; x_wconf 76' lang='lat' dir='ltr'>Ecclesie</span> <span class='ocrx_word' id='word_1_99' title='bbox 583 2184 696 2250; x_wconf 74' lang='lat' dir='ltr'>suncti</span> <span class='ocrx_word' id='word_1_100' title='bbox 729 2186 850 2276; x_wconf 76' lang='lat' dir='ltr'>Egtdtj</span> <span class='ocrx_word' id='word_1_101' title='bbox 884 2188 1037 2277; x_wconf 83' lang='lat' dir='ltr'>singulis</span> <span class='ocrx_word' id='word_1_102' title='bbox 1071 2185 1174 2255; x_wconf 73' lang='lat' dir='ltr'>annis</span> <span class='ocrx_word' id='word_1_103' title='bbox 1210 2184 1253 2254; x_wconf 88' lang='lat' dir='ltr'>de</span> <span class='ocrx_word' id='word_1_104' title='bbox 1286 2187 1364 2274; x_wconf 77' lang='lat' dir='ltr'>ipse</span> <span class='ocrx_word' id='word_1_105' title='bbox 1390 2183 1499 2255; x_wconf 76' lang='lat' dir='ltr'>Curis</span> <span class='ocrx_word' id='word_1_106' title='bbox 1534 2203 1598 2278; x_wconf 72' lang='lat' dir='ltr'>sert</span> <span class='ocrx_word' id='word_1_107' title='bbox 1624 2181 1765 2250; x_wconf 87' lang='lat' dir='ltr'>modios</span> <span class='ocrx_word' id='word_1_108' title='bbox 1906 2173 1908 2214; x_wconf 50' lang='lat' dir='ltr'>i</span> 
     </span>
     <span class='ocr_line' id='line_1_16' title="bbox 334 2279 1908 2376; baseline 0.001 -27"><span class='ocrx_word' id='word_1_109' title='bbox 334 2293 339 2300; x_wconf 82' lang='grc'><strong>“</strong></span> <span class='ocrx_word' id='word_1_110' title='bbox 382 2284 507 2350; x_wconf 83' lang='lat' dir='ltr'>Auens</span> <span class='ocrx_word' id='word_1_111' title='bbox 534 2303 703 2355; x_wconf 81' lang='lat' dir='ltr'>mensure</span> <span class='ocrx_word' id='word_1_112' title='bbox 729 2286 888 2376; x_wconf 80' lang='lat' dir='ltr'>grenerij</span> <span class='ocrx_word' id='word_1_113' title='bbox 916 2285 1005 2374; x_wconf 87' lang='lat' dir='ltr'>mej,</span> <span class='ocrx_word' id='word_1_114' title='bbox 1033 2307 1138 2356; x_wconf 79' lang='lat' dir='ltr'>roem</span> <span class='ocrx_word' id='word_1_115' title='bbox 1161 2293 1338 2354; x_wconf 81' lang='lat' dir='ltr'>cerretem</span> <span class='ocrx_word' id='word_1_116' title='bbox 1364 2281 1450 2372; x_wconf 80' lang='lat' dir='ltr'>fenj,</span> <span class='ocrx_word' id='word_1_117' title='bbox 1477 2291 1514 2349; x_wconf 88' lang='lat' dir='ltr'>et</span> <span class='ocrx_word' id='word_1_118' title='bbox 1538 2281 1691 2374; x_wconf 74' lang='lat' dir='ltr'>triginta</span> <span class='ocrx_word' id='word_1_119' title='bbox 1711 2279 1767 2350; x_wconf 84' lang='lat' dir='ltr'>de·</span> <span class='ocrx_word' id='word_1_120' title='bbox 1907 2295 1908 2340; x_wconf 70' lang='lat' dir='ltr'>t</span> 
     </span>
    </p>
   </div>
   <div class='ocr_carea' id='block_1_10' title="bbox 289 2379 1767 2477">
    <p class='ocr_par' dir='ltr' id='par_1_12' title="bbox 289 2379 1767 2477">
     <span class='ocr_line' id='line_1_17' title="bbox 289 2379 1767 2477; baseline -0.002 -30"><span class='ocrx_word' id='word_1_121' title='bbox 289 2419 298 2439; x_wconf 48' lang='grc' dir='ltr'><em>κ</em></span> <span class='ocrx_word' id='word_1_122' title='bbox 383 2379 507 2450; x_wconf 80' lang='lat' dir='ltr'>nerins</span> <span class='ocrx_word' id='word_1_123' title='bbox 541 2381 735 2469; x_wconf 77' lang='lat' dir='ltr'>modiales,</span> <span class='ocrx_word' id='word_1_124' title='bbox 769 2387 857 2456; x_wconf 90' lang='lat' dir='ltr'>ltem</span> <span class='ocrx_word' id='word_1_125' title='bbox 884 2409 953 2477; x_wconf 86' lang='lat' dir='ltr'>pro</span> <span class='ocrx_word' id='word_1_126' title='bbox 979 2386 1125 2456; x_wconf 89' lang='lat' dir='ltr'>minutis</span> <span class='ocrx_word' id='word_1_127' title='bbox 1152 2383 1316 2472; x_wconf 88' lang='lat' dir='ltr'>seruicijs</span> <span class='ocrx_word' id='word_1_128' title='bbox 1344 2405 1407 2452; x_wconf 86' lang='lat' dir='ltr'>sex</span> <span class='ocrx_word' id='word_1_129' title='bbox 1434 2381 1591 2473; x_wconf 80' lang='lat' dir='ltr'>pullos,&#39;</span> <span class='ocrx_word' id='word_1_130' title='bbox 1612 2391 1767 2471; x_wconf 79' lang='lat' dir='ltr'>quotuor</span> 
     </span>
    </p>
   </div>
   <div class='ocr_carea' id='block_1_11' title="bbox 384 2475 1909 2758">
    <p class='ocr_par' dir='ltr' id='par_1_13' title="bbox 384 2475 1909 2758">
     <span class='ocr_line' id='line_1_18' title="bbox 388 2475 1909 2573; baseline 0.001 -27"><span class='ocrx_word' id='word_1_131' title='bbox 388 2480 543 2567; x_wconf 81' lang='lat' dir='ltr'>Ceseos,</span> <span class='ocrx_word' id='word_1_132' title='bbox 568 2491 605 2549; x_wconf 94' lang='lat' dir='ltr'>et</span> <span class='ocrx_word' id='word_1_133' title='bbox 630 2483 818 2573; x_wconf 76' lang='lat' dir='ltr'>sexaginte</span> <span class='ocrx_word' id='word_1_134' title='bbox 843 2507 929 2570; x_wconf 78' lang='lat' dir='ltr'>ovs,</span> <span class='ocrx_word' id='word_1_135' title='bbox 957 2485 1150 2566; x_wconf 77' lang='lat' dir='ltr'>consuetis</span> <span class='ocrx_word' id='word_1_136' title='bbox 1176 2483 1402 2573; x_wconf 74' lang='lat' dir='ltr'>temporibus</span> <span class='ocrx_word' id='word_1_137' title='bbox 1430 2493 1465 2550; x_wconf 90' lang='lat' dir='ltr'>et</span> <span class='ocrx_word' id='word_1_138' title='bbox 1492 2481 1644 2565; x_wconf 89' lang='lat' dir='ltr'>stetutis,</span> <span class='ocrx_word' id='word_1_139' title='bbox 1675 2483 1767 2548; x_wconf 89' lang='lat' dir='ltr'>losu-</span> <span class='ocrx_word' id='word_1_140' title='bbox 1907 2475 1909 2560; x_wconf 50' lang='grc' dir='ltr'>ᾗ</span> 
     </span>
     <span class='ocr_line' id='line_1_19' title="bbox 384 2579 1767 2682; baseline 0.001 -36"><span class='ocrx_word' id='word_1_141' title='bbox 384 2599 452 2669; x_wconf 88' lang='lat' dir='ltr'>per</span> <span class='ocrx_word' id='word_1_142' title='bbox 488 2579 604 2682; x_wconf 80' lang='lat' dir='ltr'>(lictus¹</span> <span class='ocrx_word' id='word_1_143' title='bbox 629 2583 864 2655; x_wconf 77' lang='lat' dir='ltr'>perchtoldus</span> <span class='ocrx_word' id='word_1_144' title='bbox 898 2607 940 2654; x_wconf 77' lang='lat' dir='ltr'>ec</span> <span class='ocrx_word' id='word_1_145' title='bbox 975 2585 1128 2654; x_wconf 88' lang='lat' dir='ltr'>heredes</span> <span class='ocrx_word' id='word_1_146' title='bbox 1161 2583 1215 2673; x_wconf 89' lang='lat' dir='ltr'>suj</span> <span class='ocrx_word' id='word_1_147' title='bbox 1242 2591 1411 2653; x_wconf 85' lang='lat' dir='ltr'>tenentur</span> <span class='ocrx_word' id='word_1_148' title='bbox 1445 2581 1621 2650; x_wconf 87' lang='lat' dir='ltr'>sustinere</span> <span class='ocrx_word' id='word_1_149' title='bbox 1648 2579 1767 2648; x_wconf 79' lang='lat' dir='ltr'>omnis</span> 
     </span>
     <span class='ocr_line' id='line_1_20' title="bbox 386 2679 1909 2758; baseline -0.001 -10"><span class='ocrx_word' id='word_1_150' title='bbox 386 2697 500 2748; x_wconf 84' lang='lat' dir='ltr'>onem</span> <span class='ocrx_word' id='word_1_151' title='bbox 526 2681 565 2750; x_wconf 84' lang='lat' dir='ltr'>io</span> <span class='ocrx_word' id='word_1_152' title='bbox 591 2683 927 2758; x_wconf 86' lang='lat' dir='ltr'>contribucittnibus</span> <span class='ocrx_word' id='word_1_153' title='bbox 952 2685 1225 2755; x_wconf 82' lang='lat' dir='ltr'>Prestecionum</span> <span class='ocrx_word' id='word_1_154' title='bbox 1251 2685 1328 2754; x_wconf 87' lang='lat' dir='ltr'>siue</span> <span class='ocrx_word' id='word_1_155' title='bbox 1354 2691 1562 2752; x_wconf 82' lang='lat' dir='ltr'>sterrerum·</span> <span class='ocrx_word' id='word_1_156' title='bbox 1579 2679 1769 2750; x_wconf 87' lang='lat' dir='ltr'>solucioni·</span> <span class='ocrx_word' id='word_1_157' title='bbox 1906 2699 1909 2756; x_wconf 66' lang='grc' dir='ltr'><strong>ι</strong></span> 
     </span>
    </p>
   </div>
   <div class='ocr_carea' id='block_1_12' title="bbox 383 2777 1768 2982">
    <p class='ocr_par' dir='ltr' id='par_1_14' title="bbox 383 2777 1768 2982">
     <span class='ocr_line' id='line_1_21' title="bbox 383 2777 1767 2874; baseline 0 -28"><span class='ocrx_word' id='word_1_158' title='bbox 383 2777 454 2848; x_wconf 87' lang='lat' dir='ltr'>bus</span> <span class='ocrx_word' id='word_1_159' title='bbox 481 2789 518 2850; x_wconf 90' lang='lat' dir='ltr'>et</span> <span class='ocrx_word' id='word_1_160' title='bbox 542 2782 695 2852; x_wconf 74' lang='lat' dir='ltr'>alierum</span> <span class='ocrx_word' id='word_1_161' title='bbox 723 2786 884 2855; x_wconf 86' lang='lat' dir='ltr'>omniurn</span> <span class='ocrx_word' id='word_1_162' title='bbox 912 2785 1246 2870; x_wconf 69' lang='lat' dir='ltr'>consuetudinum,</span> <span class='ocrx_word' id='word_1_163' title='bbox 1282 2803 1352 2874; x_wconf 85' lang='lat' dir='ltr'>que</span> <span class='ocrx_word' id='word_1_164' title='bbox 1378 2781 1584 2860; x_wconf 85' lang='lat' dir='ltr'>hominibus</span> <span class='ocrx_word' id='word_1_165' title='bbox 1607 2779 1688 2848; x_wconf 87' lang='lat' dir='ltr'>siue</span> <span class='ocrx_word' id='word_1_166' title='bbox 1714 2799 1767 2846; x_wconf 83' lang='lat' dir='ltr'>eo·</span> 
     </span>
     <span class='ocr_line' id='line_1_22' title="bbox 385 2879 1768 2982; baseline 0.001 -36"><span class='ocrx_word' id='word_1_167' title='bbox 385 2879 480 2948; x_wconf 86' lang='lat' dir='ltr'>lonis</span> <span class='ocrx_word' id='word_1_168' title='bbox 513 2881 634 2973; x_wconf 78' lang='lat' dir='ltr'>Sanctj</span> <span class='ocrx_word' id='word_1_169' title='bbox 661 2883 783 2976; x_wconf 80' lang='lat' dir='ltr'>Egidij</span> <span class='ocrx_word' id='word_1_170' title='bbox 820 2885 864 2956; x_wconf 85' lang='lat' dir='ltr'>de</span> <span class='ocrx_word' id='word_1_171' title='bbox 887 2885 1035 2982; x_wconf 27' lang='lat' dir='ltr'>‚prediis</span> <span class='ocrx_word' id='word_1_172' title='bbox 1068 2885 1247 2955; x_wconf 80' lang='lat' dir='ltr'>similibus</span> <span class='ocrx_word' id='word_1_173' title='bbox 1282 2884 1524 2974; x_wconf 88' lang='lat' dir='ltr'>inponuntur,</span> <span class='ocrx_word' id='word_1_174' title='bbox 1565 2879 1603 2946; x_wconf 86' lang='lat' dir='ltr'>in</span> <span class='ocrx_word' id='word_1_175' title='bbox 1637 2879 1768 2972; x_wconf 86' lang='lat' dir='ltr'>quibus</span> 
     </span>
    </p>
   </div>
   <div class='ocr_carea' id='block_1_13' title="bbox 379 2979 1909 3186">
    <p class='ocr_par' dir='ltr' id='par_1_15' title="bbox 379 2979 1909 3186">
     <span class='ocr_line' id='line_1_23' title="bbox 388 2979 1909 3076; baseline -0.003 -27"><span class='ocrx_word' id='word_1_176' title='bbox 388 2981 558 3051; x_wconf 88' lang='lat' dir='ltr'>omnibus</span> <span class='ocrx_word' id='word_1_177' title='bbox 584 2994 620 3051; x_wconf 87' lang='lat' dir='ltr'>et</span> <span class='ocrx_word' id='word_1_178' title='bbox 645 2983 797 3074; x_wconf 81' lang='lat' dir='ltr'>singulis</span> <span class='ocrx_word' id='word_1_179' title='bbox 823 2985 853 3053; x_wconf 89' lang='lat' dir='ltr'>si</span> <span class='ocrx_word' id='word_1_180' title='bbox 879 2985 1074 3076; x_wconf 84' lang='lat' dir='ltr'>prescripti</span> <span class='ocrx_word' id='word_1_181' title='bbox 1099 2983 1253 3054; x_wconf 87' lang='lat' dir='ltr'>heredes</span> <span class='ocrx_word' id='word_1_182' title='bbox 1278 3005 1345 3074; x_wconf 90' lang='lat' dir='ltr'>per</span> <span class='ocrx_word' id='word_1_183' title='bbox 1371 2979 1634 3052; x_wconf 73' lang='lat' dir='ltr'>contumacium</span> <span class='ocrx_word' id='word_1_184' title='bbox 1658 2979 1769 3048; x_wconf 87' lang='lat' dir='ltr'>rebel·</span> <span class='ocrx_word' id='word_1_185' title='bbox 1908 3041 1909 3076; x_wconf 35' lang='lat'>3</span> 
     </span>
     <span class='ocr_line' id='line_1_24' title="bbox 379 3076 1909 3186; baseline 0 -39"><span class='ocrx_word' id='word_1_186' title='bbox 379 3079 438 3148; x_wconf 83' lang='lat' dir='ltr'>¹les</span> <span class='ocrx_word' id='word_1_187' title='bbox 465 3091 526 3150; x_wconf 82' lang='lat' dir='ltr'>eut</span> <span class='ocrx_word' id='word_1_188' title='bbox 552 3083 777 3171; x_wconf 83' lang='lat' dir='ltr'>negligentes</span> <span class='ocrx_word' id='word_1_189' title='bbox 805 3084 1008 3154; x_wconf 82' lang='lat' dir='ltr'>exstiterint</span> <span class='ocrx_word' id='word_1_190' title='bbox 1033 3083 1333 3186; x_wconf 33' lang='lat' dir='ltr'>csd,ent⁴penitus</span> <span class='ocrx_word' id='word_1_191' title='bbox 1359 3083 1405 3151; x_wconf 80' lang='lat' dir='ltr'>ub</span> <span class='ocrx_word' id='word_1_192' title='bbox 1431 3079 1529 3174; x_wconf 88' lang='lat' dir='ltr'>omnj</span> <span class='ocrx_word' id='word_1_193' title='bbox 1556 3077 1646 3168; x_wconf 70' lang='lat' dir='ltr'>juri,</span> <span class='ocrx_word' id='word_1_194' title='bbox 1674 3076 1769 3172; x_wconf 87' lang='lat' dir='ltr'>quod</span> <span class='ocrx_word' id='word_1_195' title='bbox 1908 3087 1909 3108; x_wconf 67' lang='lat'>¹</span> 
     </span>
    </p>
   </div>
   <div class='ocr_carea' id='block_1_14' title="bbox 262 3176 1909 3275">
    <p class='ocr_par' dir='ltr' id='par_1_16' title="bbox 262 3176 1909 3275">
     <span class='ocr_line' id='line_1_25' title="bbox 262 3176 1909 3275; baseline 0.001 -30"><span class='ocrx_word' id='word_1_196' title='bbox 262 3239 265 3246; x_wconf 84' lang='lat'><em>.</em></span> <span class='ocrx_word' id='word_1_197' title='bbox 385 3178 524 3247; x_wconf 77' lang='lat' dir='ltr'>hebere</span> <span class='ocrx_word' id='word_1_198' title='bbox 557 3176 594 3247; x_wconf 88' lang='lat' dir='ltr'>in</span> <span class='ocrx_word' id='word_1_199' title='bbox 620 3179 762 3269; x_wconf 78' lang='lat' dir='ltr'>prefete</span> <span class='ocrx_word' id='word_1_200' title='bbox 788 3183 896 3274; x_wconf 63' lang='lat' dir='ltr'>(luris</span> <span class='ocrx_word' id='word_1_201' title='bbox 922 3205 961 3252; x_wconf 85' lang='lat' dir='ltr'>ee</span> <span class='ocrx_word' id='word_1_202' title='bbox 987 3183 1211 3275; x_wconf 74' lang='lat' dir='ltr'>gaudebant,</span> <span class='ocrx_word' id='word_1_203' title='bbox 1249 3187 1287 3254; x_wconf 89' lang='lat' dir='ltr'>ln</span> <span class='ocrx_word' id='word_1_204' title='bbox 1315 3183 1416 3252; x_wconf 89' lang='lat' dir='ltr'>cuius</span> <span class='ocrx_word' id='word_1_205' title='bbox 1443 3181 1498 3250; x_wconf 87' lang='lat' dir='ltr'>rei</span> <span class='ocrx_word' id='word_1_206' title='bbox 1524 3181 1769 3250; x_wconf 88' lang='lat' dir='ltr'>testimonium</span> <span class='ocrx_word' id='word_1_207' title='bbox 1907 3213 1909 3246; x_wconf 81' lang='lat' dir='ltr'>t</span> 
     </span>
    </p>
   </div>
   <div class='ocr_carea' id='block_1_15' title="bbox 338 3273 1770 3676">
    <p class='ocr_par' dir='ltr' id='par_1_17' title="bbox 338 3273 1770 3676">
     <span class='ocr_line' id='line_1_26' title="bbox 384 3273 1770 3377; baseline 0.001 -32"><span class='ocrx_word' id='word_1_208' title='bbox 384 3273 475 3367; x_wconf 87' lang='lat' dir='ltr'>ipsis</span> <span class='ocrx_word' id='word_1_209' title='bbox 501 3275 742 3365; x_wconf 88' lang='lat' dir='ltr'>Percbtoldo,</span> <span class='ocrx_word' id='word_1_210' title='bbox 769 3291 805 3349; x_wconf 87' lang='lat' dir='ltr'>et</span> <span class='ocrx_word' id='word_1_211' title='bbox 829 3283 1028 3374; x_wconf 82' lang='lat' dir='ltr'>Elyzebcth</span> <span class='ocrx_word' id='word_1_212' title='bbox 1053 3283 1156 3374; x_wconf 87' lang='lat' dir='ltr'>vxorj</span> <span class='ocrx_word' id='word_1_213' title='bbox 1183 3305 1247 3354; x_wconf 84' lang='lat' dir='ltr'>sue</span> <span class='ocrx_word' id='word_1_214' title='bbox 1271 3283 1318 3352; x_wconf 88' lang='lat' dir='ltr'>do</span> <span class='ocrx_word' id='word_1_215' title='bbox 1336 3292 1531 3377; x_wconf 86' lang='lat' dir='ltr'>presentes</span> <span class='ocrx_word' id='word_1_216' title='bbox 1556 3281 1697 3360; x_wconf 69' lang='lat' dir='ltr'>litteras</span> <span class='ocrx_word' id='word_1_217' title='bbox 1722 3277 1770 3348; x_wconf 80' lang='lat' dir='ltr'>Si·</span> 
     </span>
     <span class='ocr_line' id='line_1_27' title="bbox 387 3376 1768 3474; baseline 0.003 -31"><span class='ocrx_word' id='word_1_218' title='bbox 387 3376 560 3468; x_wconf 82' lang='lat' dir='ltr'>gitlorum</span> <span class='ocrx_word' id='word_1_219' title='bbox 586 3379 803 3449; x_wconf 67' lang='lat' dir='ltr'>venerabilis</span> <span class='ocrx_word' id='word_1_220' title='bbox 821 3382 1213 3474; x_wconf 76' lang='lat' dir='ltr'>cipitulj‘l’eteuiensis</span> <span class='ocrx_word' id='word_1_221' title='bbox 1238 3393 1275 3453; x_wconf 90' lang='lat' dir='ltr'>et</span> <span class='ocrx_word' id='word_1_222' title='bbox 1300 3384 1374 3453; x_wconf 84' lang='lat' dir='ltr'>mei</span> <span class='ocrx_word' id='word_1_223' title='bbox 1398 3381 1596 3452; x_wconf 85' lang='lat' dir='ltr'>munimine</span> <span class='ocrx_word' id='word_1_224' title='bbox 1622 3403 1665 3450; x_wconf 82' lang='lat' dir='ltr'>ec</span> <span class='ocrx_word' id='word_1_225' title='bbox 1692 3379 1768 3450; x_wconf 84' lang='lat' dir='ltr'>sub</span> 
     </span>
     <span class='ocr_line' id='line_1_28' title="bbox 390 3477 1769 3574; baseline -0.002 -28"><span class='ocrx_word' id='word_1_226' title='bbox 390 3477 591 3568; x_wconf 86' lang='lat' dir='ltr'>scriptione</span> <span class='ocrx_word' id='word_1_227' title='bbox 618 3480 762 3549; x_wconf 87' lang='lat' dir='ltr'>testium</span> <span class='ocrx_word' id='word_1_228' title='bbox 788 3482 987 3554; x_wconf 77' lang='lat' dir='ltr'>roboretis.</span> <span class='ocrx_word' id='word_1_229' title='bbox 1039 3487 1163 3553; x_wconf 76' lang='lat' dir='ltr'>Testes</span> <span class='ocrx_word' id='word_1_230' title='bbox 1189 3494 1271 3554; x_wconf 85' lang='lat' dir='ltr'>eunt</span> <span class='ocrx_word' id='word_1_231' title='bbox 1291 3484 1342 3574; x_wconf 88' lang='lat' dir='ltr'>bij</span> <span class='ocrx_word' id='word_1_232' title='bbox 1357 3482 1567 3553; x_wconf 79' lang='lat' dir='ltr'>Ghvnredus</span> <span class='ocrx_word' id='word_1_233' title='bbox 1584 3481 1769 3570; x_wconf 85' lang='lat' dir='ltr'>teuprecb·</span> 
     </span>
     <span class='ocr_line' id='line_1_29' title="bbox 338 3576 1768 3676; baseline -0.001 -29"><span class='ocrx_word' id='word_1_234' title='bbox 338 3649 345 3659; x_wconf 66' lang='grc'><strong>,</strong></span> <span class='ocrx_word' id='word_1_235' title='bbox 388 3576 529 3667; x_wconf 79' lang='lat' dir='ltr'>tinger,</span> <span class='ocrx_word' id='word_1_236' title='bbox 555 3577 699 3650; x_wconf 86' lang='lat' dir='ltr'>Vlricus</span> <span class='ocrx_word' id='word_1_237' title='bbox 725 3580 768 3650; x_wconf 84' lang='lat' dir='ltr'>de</span> <span class='ocrx_word' id='word_1_238' title='bbox 793 3581 1039 3676; x_wconf 78' lang='lat' dir='ltr'>Freienperg,</span> <span class='ocrx_word' id='word_1_239' title='bbox 1066 3583 1253 3660; x_wconf 80' lang='lat' dir='ltr'>Gotfridus</span> <span class='ocrx_word' id='word_1_240' title='bbox 1279 3583 1324 3654; x_wconf 88' lang='lat' dir='ltr'>de</span> <span class='ocrx_word' id='word_1_241' title='bbox 1349 3585 1553 3674; x_wconf 78' lang='lat' dir='ltr'>Muelpech,</span> <span class='ocrx_word' id='word_1_242' title='bbox 1579 3579 1768 3650; x_wconf 78' lang='lat' dir='ltr'>Heinricus</span> 
     </span>
    </p>
   </div>
   <div class='ocr_carea' id='block_1_16' title="bbox 302 3678 1909 3876">
    <p class='ocr_par' dir='ltr' id='par_1_18' title="bbox 302 3678 1909 3876">
     <span class='ocr_line' id='line_1_30' title="bbox 351 3678 1909 3776; baseline -0.001 -29"><span class='ocrx_word' id='word_1_243' title='bbox 351 3743 354 3755; x_wconf 74' lang='grc'>,</span> <span class='ocrx_word' id='word_1_244' title='bbox 386 3685 425 3747; x_wconf 88' lang='lat' dir='ltr'>et</span> <span class='ocrx_word' id='word_1_245' title='bbox 458 3678 697 3769; x_wconf 82' lang='lat' dir='ltr'>Merquerdus</span> <span class='ocrx_word' id='word_1_246' title='bbox 732 3682 1057 3776; x_wconf 79' lang='lat' dir='ltr'>de-Aetzenperg,</span> <span class='ocrx_word' id='word_1_247' title='bbox 1097 3685 1305 3753; x_wconf 81' lang='lat' dir='ltr'>Christenus</span> <span class='ocrx_word' id='word_1_248' title='bbox 1341 3692 1378 3751; x_wconf 90' lang='lat' dir='ltr'>et</span> <span class='ocrx_word' id='word_1_249' title='bbox 1399 3683 1593 3774; x_wconf 18' lang='lat' dir='ltr'>*Heinricus</span> <span class='ocrx_word' id='word_1_250' title='bbox 1627 3679 1671 3750; x_wconf 87' lang='lat' dir='ltr'>de</span> <span class='ocrx_word' id='word_1_251' title='bbox 1702 3679 1771 3762; x_wconf 74' lang='lat' dir='ltr'>Pir·</span> <span class='ocrx_word' id='word_1_252' title='bbox 1908 3741 1909 3774; x_wconf 23' lang='grc' dir='ltr'><strong>ἦ</strong></span> 
     </span>
     <span class='ocr_line' id='line_1_31' title="bbox 302 3775 1909 3876; baseline 0.004 -33"><span class='ocrx_word' id='word_1_253' title='bbox 302 3789 305 3798; x_wconf 82' lang='grc'><strong>’</strong></span> <span class='ocrx_word' id='word_1_254' title='bbox 386 3776 521 3860; x_wconf 80' lang='lat' dir='ltr'>ebech,</span> <span class='ocrx_word' id='word_1_255' title='bbox 547 3775 755 3852; x_wconf 79' lang='lat' dir='ltr'>Gerberdus</span> <span class='ocrx_word' id='word_1_256' title='bbox 783 3793 819 3854; x_wconf 88' lang='lat' dir='ltr'>et</span> <span class='ocrx_word' id='word_1_257' title='bbox 843 3783 1065 3876; x_wconf 76' lang='lat' dir='ltr'>sigherdus,</span> <span class='ocrx_word' id='word_1_258' title='bbox 1094 3783 1286 3853; x_wconf 80' lang='lat' dir='ltr'>Heinricus</span> <span class='ocrx_word' id='word_1_259' title='bbox 1312 3781 1357 3852; x_wconf 80' lang='lat' dir='ltr'>tle</span> <span class='ocrx_word' id='word_1_260' title='bbox 1383 3783 1558 3868; x_wconf 79' lang='lat' dir='ltr'>Attwiek,</span> <span class='ocrx_word' id='word_1_261' title='bbox 1584 3789 1620 3850; x_wconf 90' lang='lat' dir='ltr'>et</span> <span class='ocrx_word' id='word_1_262' title='bbox 1645 3777 1768 3848; x_wconf 86' lang='lat' dir='ltr'>Plures</span> <span class='ocrx_word' id='word_1_263' title='bbox 1908 3781 1909 3850; x_wconf 58' lang='grc' dir='ltr'>ζ</span> 
     </span>
    </p>
   </div>
   <div class='ocr_carea' id='block_1_17' title="bbox 385 3875 1909 4071">
    <p class='ocr_par' dir='ltr' id='par_1_19' title="bbox 385 3875 1909 4071">
     <span class='ocr_line' id='line_1_32' title="bbox 388 3875 1909 3976; baseline 0.001 -33"><span class='ocrx_word' id='word_1_264' title='bbox 388 3875 451 3943; x_wconf 81' lang='lat' dir='ltr'>etii</span> <span class='ocrx_word' id='word_1_265' title='bbox 486 3875 558 3948; x_wconf 86' lang='lat' dir='ltr'>fide</span> <span class='ocrx_word' id='word_1_266' title='bbox 583 3880 703 3976; x_wconf 79' lang='lat' dir='ltr'>Digni.</span> <span class='ocrx_word' id='word_1_267' title='bbox 760 3885 893 3956; x_wconf 71' lang='lat' dir='ltr'>Datum</span> <span class='ocrx_word' id='word_1_268' title='bbox 931 3905 1025 3954; x_wconf 79' lang='lat' dir='ltr'>enno</span> <span class='ocrx_word' id='word_1_269' title='bbox 1050 3883 1197 3956; x_wconf 87' lang='lat' dir='ltr'>Domini</span> <span class='ocrx_word' id='word_1_270' title='bbox 1233 3883 1299 3954; x_wconf 65' lang='lat' dir='ltr'>Mt</span> <span class='ocrx_word' id='word_1_271' title='bbox 1327 3881 1441 3976; x_wconf 74' lang='lat'><strong>000⁰.</strong></span> <span class='ocrx_word' id='word_1_272' title='bbox 1469 3883 1557 3952; x_wconf 81' lang='lat' dir='ltr'>tur.</span> <span class='ocrx_word' id='word_1_273' title='bbox 1609 3879 1768 3974; x_wconf 80' lang='lat' dir='ltr'>Septimo</span> <span class='ocrx_word' id='word_1_274' title='bbox 1908 3931 1909 3940; x_wconf 66' lang='grc'>,</span> 
     </span>
     <span class='ocr_line' id='line_1_33' title="bbox 385 3971 1909 4071; baseline -0.001 -26"><span class='ocrx_word' id='word_1_275' title='bbox 385 3971 471 4049; x_wconf 76' lang='lat' dir='ltr'>tuus</span> <span class='ocrx_word' id='word_1_276' title='bbox 496 3975 697 4071; x_wconf 69' lang='lat' dir='ltr'>Februarij.</span> <span class='ocrx_word' id='word_1_277' title='bbox 770 3993 776 4001; x_wconf 84' lang='lat'>·</span> <span class='ocrx_word' id='word_1_278' title='bbox 817 3989 821 3996; x_wconf 89' lang='lat'>&#39;</span> <span class='ocrx_word' id='word_1_279' title='bbox 1356 4039 1360 4046; x_wconf 87' lang='lat'>.</span> <span class='ocrx_word' id='word_1_280' title='bbox 1902 3975 1909 3992; x_wconf 86' lang='lat'>&#39;</span> 
     </span>
    </p>
   </div>
   <div class='ocr_carea' id='block_1_18' title="bbox 0 0 1939 4724">
    <p class='ocr_par' dir='ltr' id='par_1_20' title="bbox 0 0 1939 4724">
     <span class='ocr_line' id='line_1_34' title="bbox 0 0 1939 4724; baseline 0 0"><span class='ocrx_word' id='word_1_281' title='bbox 0 0 1939 4724; x_wconf 95' lang='lat' dir='ltr'> </span> 
     </span>
    </p>
   </div>
  </div>
 </body>
</html>
