3772 4722
666 284 929 375 Authentice
1070 292 1076 302 '
1392 299 1481 383 241

17 527 18 530 ’
107 529 160 596 sul
186 522 343 594 nominis
371 522 493 590 titulos
521 515 677 610 ampliat
705 543 786 592 curn
813 519 935 589 diuina
962 522 1105 612 pictatis
1125 523 1262 594 iutuitu
1288 545 1355 614 per
1371 550 1479 619 quma

106 636 225 718 preest
252 621 477 714 principibus
501 617 602 689 orbis
629 629 744 705 terre,
784 623 865 689 loca
890 623 1109 690 venerabilia
1132 620 1196 712 pls
1222 627 1352 693 mentis
1378 627 1480 696 olleo·

110 727 204 795 tione
239 730 381 806 tuctur,
422 730 458 788 et
490 721 601 792 iustas
634 740 762 790 eorum
797 717 1050 789 fauorabiliter
1082 723 1276 836 petitiones
1311 725 1478 796 admittit.

107 830 316 956 Eapropter
334 817 508 889 uniuersis
535 822 679 920 lmperli
706 813 869 890 fidelibus
896 831 978 888 tam·
997 821 1265 911 presentibus
1241 847 1356 916 ιιιιιιιι
1373 822 1478 896 'futu-

106 929 163 994 ris
160 909 360 993 uolumus
383 940 461 989 esse
485 930 621 987 notum.
650 921 845 1012 quode..
862 921 1103 1010 ,prepositus
1129 923 1478 996 eteonusatusoto

106 1026 248 1094 naslerii
275 1019 674 1110 Berhterogademensls
708 1020 833 1089 lidelss
868 1021 991 1090 nostri.
1027 1023 1261 1114 priuilegium
1295 1026 1476 1116 quoddam

108 1126 218 1192 eidem
253 1122 477 1192 monasterio
509 1142 531 1187 a
562 1119 667 1188 nobis
693 1121 870 1188 indultum
898 1123 984 1188 olim
1012 1130 1177 1211 ternpore
1204 1123 1320 1213 Regni
1347 1127 1474 1192 nostri.

108 1235 223 1294 nostre
238 1219 452 1292 celsitudini
478 1231 740 1336 presentarunt.
766 1221 949 1288 humiliter
965 1222 1217 1312 supplicantes·
1232 1224 1375 1292 utillud
1395 1245 1478 1294 man

112 1325 272 1422 omnibus
300 1345 371 1414 que
390 1320 656 1388 eontinentur
646 1345 682 1386 ιιι
708 1321 800 1408 ipso,
827 1320 1042 1388 confirmare
1061 1321 1161 1466 de
1123 1331 1245 1460 nostra
1265 1325 1379 1415 gratia
1401 1323 1478 1416 dig·

109 1415 284 1534 ueremur.
341 1421 450 1491 Cuius
469 1424 588 1492 tenor
607 1431 662 1488 est
688 1441 755 1509 per
781 1420 901 1488 omnia'
925 1405 1055 1489 talis·

297 1579 369 1666 „.C
395 1579 436 1646 ln
470 1577 615 1646 nomine
649 1587 770 1647 sancte
806 1587 841 1648 et
868 1573 1052 1646 indiuiduo
1079 1574 1251 1649 trinitatis
1279 1591 1345 1650 etc.
1375 1534 1477 1650 1ιιι.“

301 1683 407 1760 (Acta
432 1692 525 1768 anno
552 1677 682 1747 dom.
672 1701 808 1746 incarn.
838 1687 942 1773 1212·
967 1677 1089 1748 datum
1110 1679 1205 1768 apud
1231 1681 1476 1772 Ratisponam.

298 1779 377 1848 XV.
402 1779 480 1850 ltu.
506 1773 629 1848 lilartii
656 1786 718 1862 (ex
743 1787 866 1848 nostro
894 1787 1065 1870 computu
1097 1787 1200 1856 ¹²13·
1231 1793 1286 1860 15·
1312 1779 1475 1864 seben)

16 2021 17 2028 ἵ
197 1933 271 2004 Nos
298 1933 412 2024 igitu'r
438 1934 521 2002 suis·
537 1926 862 2050 supplicationibus
885 1928 1060 2003 inclinati.
1087 1934 1321 2024 priuilegium
1338 1935 1475 2030 ‘ipsum

112 2037 255 2120 presenti
281 2035 517 2124 priuilegio'
508 2033 618 2102 inseri
640 2035 828 2114 iussimus,
855 2033 945 2100 illud
970 2054 1053 2102 oum
1080 2032 1248 2104 omnibus
1273 2052 1345 2148 qtae
1362 2037 1475 2104 eonti-

110 2136 263 2200 nentur
253 2158 293 2214 ιιι
322 2155 377 2202 so.
403 2133 447 2201 de
473 2143 600 2222 nostra
621 2133 739 2228 gratie
762 2133 1036 2206 confirmantes:
1087 2133 1310 2212 statuimus
1300 2144 1423 2228 itaque
1438 2141 1476 2206 et

111 2232 277 2322 imperiali
306 2235 501 2302 sanctinus
529 2211 658 2302 edicto.
683 2244 724 2302 ut
749 2215 846 2302 nulla
871 2253 1048 2323 persona,
1074 2233 1144 2300 alta
1170 2235 1230 2302 uel
1256 2235 1472 2314 humiliter

112 2331 298 2402 clesi'astiee
325 2336 385 2401 uel
411 2315 592 2404 secularis.
620 2333 824 2424 predictum
851 2329 1108 2404 monasterium
1134 2329 1261 2403 eontra
1295 2336 1479 2424 presentis

112 2431 280 2524 priuilegii
318 2435 432 2502 nostri
467 2434 598 2502 seriem
630 2456 740 2525 super
774 2435 843 2506 hiis
877 2443 1014 2505 temere
1046 2433 1238 2504 molestare
1279 2445 1473 2524 presumat.
1564 2481 1567 2488 ·

113 2531 203 2622 Quod
227 2534 292 2626 qui
321 2535 593 2628 presumpserit.
617 2546 746 2652 preter
770 2557 901 2624 penam
928 2535 1122 2628 priuilegio
1139 2533 1347 2626 supradicto
1362 2555 1474 2642 appo·

112 2629 212 2699 sitam.
236 2643 384 2705 centum
410 2635 523 2704 libras
548 2636 627 2704 auri
653 2637 736 2726 puri
764 2646 965 2728 componat.
991 2633 1185 2705 msdiotats
1211 2633 1299 2703 fisco
1336 2635 1473 2720 nostro,

111 2731 234 2823 reliqua
259 2733 363 2803 dicto
387 2733 606 2804 monasterio
632 2735 882 2826 persoluenda.
933 2735 980 2802 Ut
1012 2728 1133 2801 a'utsm
1167 2751 1343 2826 presens
1349 2743 1473 2805 nostra

111 2831 328 2934 confirmatio
353 2835 466 2902 robur
493 2834 653 2924 optineat
680 2845 854 2922 perpetue
871 2830 1058 2901 firmitatis.
1077 2852 1225 2921 presens
1238 2829 1471 2921 priuilegium
1538 2841 1546 2850 '

111 2923 224 2996 lieri
202 2935 391 3020 iussimus,
417 2945 453 3004 et
476 2929 604 3029 sigillo
630 2933 827 3002 Maiestatis
854 2942 985 3002 nostre
1003 2929 1150 2998 muniri·
1180 2930 1315 2998 'liuius
1337 2925 1396 3000 rei
1420 2941 1471 3000 ta·

113 3037 174 3098 stes
204 3045 299 3102 aunt
352 3039 405 3104 W
438 3035 517 3106 Rex
547 3035 705 3104 Boemis
754 3031 1130 3124 &papenbergensis
1164 3031 1377 3120 Episcopus
1430 3029 1469 3100 0.

113 3117 392 3204 constantiensis
443 3133 480 3205 S.
508 3134 781 3226 Ratssponensrs
797 3136 1007 3224 Episcopus
1051 3131 1258 3222 lmpeiialis
1282 3132 1362 3199 asle
1383 3129 1471 3199 Con·

112 3229 273 3302 cellarius.
326 3235 370 3304 Ο.
405 3234 477 3304 tlnx
502 3230 677 3303 Bawarie
702 3235 830 3303 Comes
865 3233 1060 3326 palatinas
1077 3232 1180 3301 lieni.
1227 3231 1274 3302 0.
1308 3231 1469 3299 marchio

111 3323 431 3433 Bragtlsburgensia
458 3333 871 3422 (Brandebusgansis).
893 3335 937 3400 Η.
963 3333 1128 3402 marchio
1153 3332 1198 3400 ua
1222 3331 1359 3400 Badeo.
1406 3331 1471 3398 Co·

112 3443 187 3496 mes
236 3435 278 3501 Η
307 3433 350 3501 ιιι
377 3434 547 3524 dilingen.
598 3435 658 3502 Fr.
685 3433 729 3502 de
754 3433 1009 3523 truends‘npsn.
1054 3429 1468 3525 cpiocsrna'tkll'io·

111 3529 235 3597 tentet
259 3543 297 3601 et
323 3532 383 3620 alij
409 3555 518 3623 quam
540 3536 675 3624 plures.

61 3751 65 3764 ·
113 3718 276 3835 Signum
313 3726 473 3812 domini
509 3727 717 3840 Fridericj
764 3728 941 3814 secundi
980 3727 1050 3815 dei
1089 3729 1220 3844 gretie
1249 3727 1470 3816 llom'sno-

113 3861 199 3925 mm
238 3843 509 3990 {inperatoris
549 3842 949 3960 (Monogramma)
988 3845 1258 3958 inuictissimj
1296 3871 1466 3961 semper

349 3957 530 4078 Avgvstj
566 3961 802 4050 Jerusalem
832 3983 875 4050 et
904 3963 1034 4051 sicilie
1062 3963 1208 4076 Regis.
