3830 4734
377 303 465 439 392
690 265 693 280 ἱ
914 353 921 372 ·
944 264 1217 416 authentico

378 547 571 660 ιιιίιιιιιιιιη
571 567 643 627 aul
654 538 823 628 Silic'e‘ant
845 578 911 628 seu
938 560 1088 628 n'oceallt
1113 557 1188 628 illis
1212 561 1339 628 eontra
1366 561 1471 651 qbdl
1490 545 1572 628 soni
1605 559 1681 630 lete
1700 563 1761 631 'tel

339 713 342 720 .
377 643 594 762 presumpte
614 644 784 752 quodque
805 660 873 728 illa
900 672 1163 752 prosequemur
1188 661 1267 728 sine
1291 664 1403 728 mor'a
1417 659 1574 729 fideliter
1600 671 1636 729 et
1667 660 1762 730 solli·

378 765 448 832 cite
475 763 572 831 omni
589 755 684 829 dolo
717 757 845 828 fraude
880 771 916 829 at
950 761 1173 851 negligentia
1202 745 1364 829 ‘aemotia
1393 799 1441 813 -
1478 757 1762 850 cooperabimos

377 885 523 956 quoque
550 882 617 950 pro
645 869 720 930 toto
748 881 854 949 posse
879 860 1036 929 fideliter
1068 859 1176 960 quod
1192 857 1362 928 Ganoniei
1389 860 1609 950 supradicti‘
1612 883 1657 930 ac
1691 883 1763 930 om·

375 985 440 1032 nes
467 966 510 1031 et
530 957 661 1059 singull
689 957 906 1028 adherentes
928 961 1064 1029 eisdem
1090 941 1243 1029 'forsitan
1280 961 1417 1050 privati
1439 981 1510 1050 per
1535 959 1763 1031 Monteneem

376 1085 503 1136 eorum
528 1045 715 1130 benefieiis
738 1057 989 1146 ecclesiasticis
1015 1070 1051 1130 et
1076 1056 1267 1156 mundanis
1302 1059 1349 1130 ‘de
1375 1059 1469 1130 Jure
1488 1061 1569 1130 vel
1578 1060 1628 1130 de
1667 1054 1763 1132 facto

376 1161 514 1235 eisdem
552 1165 625 1232 suis
657 1140 855 1252 bentlicys
872 1157 919 1230 s'i
937 1158 982 1230 de
1014 1147 1157 1232 eornm
1152 1147 1469 1231 eorsesrt'onibui
1503 1160 1623 1233 foreat
1655 1161 1762 1230 eiecti

375 1257 612 1334 restituantur
637 1261 719 1329 cum
746 1261 1030 1354 effectu-eisque
1053 1273 1090 1330 et
1114 1258 1184 1330 illis
1211 1261 1376 1330 similiter
1394 1261 1470 1353 qui
1478 1262 1614 1330 nodam
1643 1261 1763 1331 forent

377 1365 483 1434 eiecti
509 1363 572 1434 sed
599 1357 731 1453 priuati
758 1361 944 1432 duntaxal'
949 1355 1110 1431 fideliter
1135 1362 1303 1436 consecra
1338 1370 1384 1429 et
1398 1361 1587 1430 adherere
1626 1373 1664 1432 et
1698 1375 1762 1432 nos

374 1467 444 1558 pro
471 1465 523 1535 eis
550 1483 732 1554 apponere
758 1483 892 1556 eosque
919 1473 1152 1532 manutenere
1176 1473 1214 1536 el
1236 1461 1466 1536 defendere-⁸
1451 1483 1494 1529 ιιι
1515 1462 1663 1534 eisdem
1677 1463 1762 1531 lide·

374 1567 460 1640 liter
485 1579 566 1634 enm
593 1559 721 1632 effecto
747 1582 788 1630 sc
814 1575 942 1637 eorum
976 1563 1191 1654 aduersarys
1223 1577 1410 1680 nonquam
1437 1553 1617 1632 assentiris
1651 1579 1763 1654 super

374 1663 561 1783 premissis
576 1659 733 1732 1ἰἰιιιιι
752 1643 935 1732 re'a'istera
970 1675 1010 1732 et
1044 1663 1294 1733 contradicere
1320 1662 1386 1731 de
1399 1664 1492 1732 iure
1481 1675 1553 1732 ct
1585 1665 1648 1732 de·
1658 1655 1760 1732 facto

227 1765 231 1772 '
332 1792 342 1800 ·
374 1776 413 1834 et
437 1766 466 1835 ai
493 1767 530 1832 in
556 1761 812 1854 prosecutione
837 1764 1099 1852 premissorum
1132 1775 1197 1832 nos
1224 1753 1398 1834 notanter
1433 1783 1608 1854 expenm
1640 1763 1760 1834 secare

374 1863 604 1957 'contingeret
639 1863 885 1950 supradictum
920 1863 1126 1952 Capitulum
1161 1864 1270 1934 nobb
1302 1862 1608 1938 contributionem
1642 1863 1760 1936 lacere

372 1965 557 2034 tenebitur
582 1961 627 2032 ad
653 1961 830 2032 dictamen
853 1962 1012 2032 <lucrm
1037 1963 1197 2044 virorum
1224 1985 1379 2060 quorum
1405 1986 1514 2032 vnum
1540 1985 1606 2034 nos
1632 1962 1677 2034 de
1704 1987 1759 2034 ca·

372 2065 514 2134 nonicis
553 2060 811 2155 capitularibus
839 2063 1014 2154 predicte
1055 2065 1206 2133 ecclesie
1243 2075 1366 2134 nostre
1403 2063 1539 2154 eligere
1570 2062 1758 2151 debemus,

372 2161 580 2258 dictumque
594 2165 798 2254 Capitulum
825 2167 977 2234 alterum
1004 2163 1049 2233 de
1071 2166 1244 2236 consilio
1254 2172 1377 2237 nostro
1394 2164 1560 2254 recipere
1583 2175 1758 2236 teneatur.

370 2267 460 2336 Item
484 2265 581 2359 quod
608 2264 729 2334 omnia
755 2273 792 2332 et
816 2265 959 2356 singula
985 2273 1120 2335 statuta
1144 2265 1295 2364 ecclesis
1327 2276 1377 2335 et·
1373 2264 1545 2356 ·Capitali
1580 2266 1757 2354 predicto·

371 2375 454 2436 rum
487 2389 528 2435 ae
556 2351 829 2435 Canonicorum
845 2367 1134 2436 Pataui‘ensium.
1144 2379 1191 2435 ao
1216 2383 1343 2435 eoram
1368 2365 1661 2437 consuetudines
1699 2388 1757 2456 cp·

364 2465 544 2557 probatas
569 2476 614 2534 et
643 2465 913 2536 nichilominus·
922 2473 1049 2536 eorum
1068 2469 1162 2536 Jura
1183 2475 1219 2536 et
1241 2467 1446 2537 libertates
1455 2465 1613 2536 fideliter
1636 2467 1758 2536 obser·

317 2602 326 2613 ·
373 2567 540 2635 nabimus
565 2567 877 2637 manutenebimus
903 2573 942 2636 et»
964 2567 1197 2636 defenderunt
1232 2589 1308 2658 pro
1338 2559 1443 2658 posse
1477 2564 1591 2636 tocies
1617 2567 1777 2659 quoties·

374 2687 467 2758 opus
494 2665 605 2736 fuerit
630 2675 667 2736 et
693 2687 795 2736 casus
822 2689 860 2738 se
874 2668 1051 2737 obtulerit
1075 2675 1112 2737 et
1136 2688 1247 2758 super
1269 2666 1519 2736 hiisdabimus
1544 2669 1598 2744 eis
1621 2666 1757 2738 litterss

373 2769 452 2836 sine
476 2763 652 2864 diletione
679 2767 799 2877 'sigillo
826 2779 952 2839 nostro
978 2765 1165 2860 sigillatas
1174 2768 1391 2838 secundom
1399 2767 1553 2842 formam
1591 2777 1627 2838 et
1658 2779 1759 2846 teno-

372 2891 451 2938 rem
477 2867 678 2939 litterarum
706 2869 795 2961 quas
816 2858 916 2940 bone
942 2870 1126 2938 memorie
1119 2867 1277 2938 deotlm
1290 2864 1479 2938 Albcrttts
1502 2877 1544 2944 et
1557 2864 1759 2940 lohannes

372 2947 571 3038 immediati
598 2971 824 3040 successores
849 2971 1019 3064 Episcopi
1038 2970 1272 3041 Pataniensee
1293 2979 1555 3039 antecessores
1557 2970 1681 3040 nostri
1707 2969 1759 3038 eis

373 3068 606 3158 assignarunt
630 3069 712 3139 cum
738 3071 940 3166 intencione
950 3069 1223 3141 moderationis
1249 3069 1364 3140 ultimi
1401 3070 1527 3139 statuti
1561 3091 1632 3160 per
1658 3069 1760 3161 Capi·

373 3171 493 3238 tolum
517 3169 761 3261 supradictum
790 3191 902 3264 super
927 3181 1023 3242 certa
1040 3170 1216 3242 Pensione
1242 3170 1392 3261 singulis
1417 3170 1521 3240 annis
1533 3171 1759 3262 assignanda

374 3267 550 3337 canonico
575 3269 798 3361 prebendato
835 3283 871 3340 et
898 3273 1094 3364 capitulari
1134 3293 1202 3360 pro
1237 3267 1382 3340 officiali
1409 3261 1511 3339 curie
1537 3271 1758 3340 Patauiensie

372 3383 444 3458 per
469 3392 532 3439 noe
547 3371 763 3462 deputando
790 3374 877 3442 lte'm
895 3373 993 3466 quod
1019 3371 1305 3462 conpositionem
1330 3391 1395 3440 seo
1420 3363 1650 3440 concordiam
1678 3389 1759 3442 eum

374 3467 524 3540 ιιίιίὓιιι
551 3469 731 3568 Ciorlatr'c
753 3479 888 3543 nostre
908 3467 1175 3544 Palantenses
1192 3471 1399 3572 supradicte
1422 3459 1634 3542 nolldnodo
1654 3471 1760 3542 lacie·

324 3627 330 3637 .
372 3561 454 3640 mue
480 3573 547 3641 nisi
574 3573 617 3642 ad
655 3578 871 3670 consensum
902 3583 939 3644 et
972 3569 1202 3646 voluntatem:
1233 3563 1384 3644 lllnetris
1410 3555 1586 3664 Principia
1621 3571 1758 3643 domini

371 3672 489 3739 nostri
514 3673 648 3743 domini
658 3659 834 3744 Altera·
865 3669 977 3748 ducs's
1000 3673 1163 3748 Anatrre
1193 3682 1230 3742 et
1256 3667 1591 3766 centulensem
1610 3669 1759 3744 eccksie

372 3769 594 3843 Patauiensis
634 3773 833 3864 supradicti
869 3776 982 3845 vel
968 3777 1082 3869 ipsius
1115 3774 1264 3844 maioris
1301 3778 1338 3843 et
1370 3771 1535 3843 sanioris
1557 3773 1758 3864 partis.-

372 3871 463 3940 ltem
489 3875 584 3965 quod
609 3874 856 3946 venerabilem
883 3878 1002 3946 virum
1026 3877 1212 3962 dominum
1231 3868 1474 3944 Her-mannum
1502 3874 1676 3940 decanum
1703 3893 1757 3940 ee·

373 3967 481 4039 clesie
507 3971 639 4042 nostre
657 3976 862 4066 supradicte
889 3957 1099 4069 Honoribus
1120 3986 1158 4046 at
1182 3971 1434 4045 tanciturnus
1466 3971 1756 4062 promotionibus

370 4081 636 4160 prosequemur
661 4074 851 4168 condignis
865 4061 997 4168 auibus
1022 4069 1138 4216 ipsios
1152 4084 1292 4168 etatum
1319 4081 1360 4144 at
1359 4063 1625 4147 continerem
1648 4066 1754 4144 facie
