3870 4718
569 773 573 784 ,
681 592 955 809 ’,ῡοΧΗι
1047 608 1051 616 ’
1176 659 1206 687 ··

479 889 701 953 dunelm.
752 895 808 953 tt.
833 885 956 972 apriis·
985 885 1196 954 warmatiae.

152 1063 394 1152 Fridcricus
412 1063 474 1148 ll.
503 1091 581 1148 rex
609 1063 757 1150 domui
773 1063 1006 1189 'hospitalia
1035 1065 1198 1169 Sancti·
1208 1065 1395 1172 Antonii,
1420 1065 1524 1152 sitae

151 1186 193 1268 in
226 1181 663 1290 dioecesiViennenai,
692 1183 897 1270 donat'ct'
916 1181 1146 1271 'confirmat
1175 1183 1243 1269 ius
1273 1201 1521 1300 patronatus

221 1299 425 1400 ecclesiae
453 1327 560 1406 suae
587 1300 641 1406 de
671 1301 985 1416 Memmingon‚
1014 1303 1059 1388 in
1090 1301 1273 1416 dioecesi
1303 1301 1469 1416 Augus·

640 1438 748 1506 tsnsr
776 1437 1039 1514 consututae.

9 1739 14 1748 Ι
149 1585 397 1714 Fredericos.
423 1647 614 1718 secundae
645 1647 717 1716 dei.
734 1649 867 1738 ¹gratias
891 1601 1150 1744 Romanorum.
1175 1648 1264 1718 Rex.
1292 1655 1338 1716 et.
1365 1661 1519 1735 semper.

150 1747 341 1848 Augaaatus.
370 1771 415 1830 et.
442 1765 531 1832 Rex.
558 1765 723 1856 syciliae.
748 1765 844 1856 Regi
868 1767 1013 1856 Regum
1037 1765 1111 1834 dec
1124 1760 1363 1852 omnipotenti
1375 1759 1520 1852 placere

151 1859 328 1929 credimus
356 1873 399 1932 ¹et
432 1864 477 1960 ad
509 1866 699 1958 utriunque
732 1867 831 1934 uitae
859 1865 965 1936 nobie
997 1864 1171 1954 prodesse
1203 1858 1425 1932 felicitatem.
1483 1857 1521 1926 Si

150 1961 349 2029 commodis
375 1963 540 2033 locorum
567 1988 658 2058 quac
686 1965 819 2035 diuinis
844 1966 1048 2055 mancipata
1073 1974 1155 2034 sunt
1180 1961 1366 2054 obsequiis
1397 1954 1519 2051 proui-

149 2059 236 2132 dere
261 2063 467 2132 curauimus
493 2075 529 2138 et
555 2067 599 2136 de
625 2064 765 2136 collatis
790 2066 895 2136 nobis
920 2089 941 2134 a
966 2066 1037 2134 dec
1063 2085 1208 2133 manum
1235 2063 1323 2154 ipsis
1360 2057 1520 2152 porrexi·

135 2181 228 2230 mus
254 2155 439 2250 largitatis.
499 2165 835 2235 Animaduertentes
860 2166 976 2256 igitur
1001 2165 1148 2234 multam
1175 2159 1401 2253 relligionem
1426 2159 1520 2250 pari·

147 2269 275 2354 terque
297 2264 524 2334 honestatem
552 2266 678 2339 domus
703 2267 892 2358 hospitalis
918 2260 1063 2334 mirifici
1088 2262 1306 2332 confessoris
1333 2260 1392 2329 dei
1405 2257 1519 2329 sancti

148 2361 293 2432 Antonii
318 2362 407 2434 sitae
432 2365 470 2436 io
496 2365 632 2440 diocesi
657 2353 861 2436 Viennensi.
888 2362 1056 2459 quodque
1082 2363 1307 2462 pauperibus
1333 2358 1518 2453 Gbriatiin
1579 2433 1583 2442 ‚

148 2463 230 2528 loco
256 2459 384 2530 eodem
408 2463 608 2538 innumera
623 2467 781 2537 caritatis
796 2460 982 2536 'beneficia
1000 2463 1423 2554 liberataeeueogcatur.
1445 2454 1519 2531 vni·

148 2563 266 2630 uersis
289 2562 436 2656 Imperii
461 2565 627 2638 fidelibus
653 2577 726 2636 tam
751 2565 980 2657 presentibus
1006 2589 1114 2658 quam
1133 2565 1265 2635 futuris
1281 2563 1444 2632 duximus
1467 2560 1520 2628 in·
1606 2586 1609 2595 ·

149 2663 416 2732 notescendum.
442 2667 540 2758 quod
564 2683 633 2740 nes
657 2663 776 2736 eidem
802 2667 926 2738 domui
952 2667 1141 2757 hospitalis
1163 2667 1205 2734 in
1227 2661 1428 2742 subsidium
1445 2681 1520 2732 aas

148 2762 357 2831 tentationis
380 2761 516 2834 ibidem
539 2768 787 2857 languentium
814 2767 1002 2835 hominum
1024 2789 1095 2858 pro
1120 2769 1235 2834 salute
1262 2774 1386 2834 nostra
1412 2770 1448 2830 et
1464 2781 1519 2828 re·

148 2861 266 2928 medio
295 2863 493 2934 animarum
515 2866 793 2958 progenitorum
816 2875 1023 2934 nostrorum
1051 2864 1265 2932 donauimus
1291 2873 1327 2928 et
1339 2869 1518 2950 perpetuo

148 2963 379 3051 proprietatis
403 2966 508 3034 titulo
535 2963 792 3055 possidendum
817 2963 1111 3032 confirmauimus
1135 2962 1192 3051 jus
1213 2969 1423 3054 patronatus
1439 2977 1552 3027 aec·-

148 3062 276 3130 clasiae
301 3072 445 3134 nostrae
472 3065 515 3133 dc
541 3065 785 3155 Memmingcn
812 3065 849 3134 in
876 3063 1009 3133 diocesi
1036 3061 1254 3153 Augustensi
1291 3058 1516 3130 constitutae.

149 3180 230 3227 cnm
261 3161 344 3232 dote
382 3175 418 3231 et
452 3163 658 3234 hominibus
691 3167 880 3258 utriusque
906 3183 1013 3234 sexus
1039 3159 1225 3256 adipeam
1252 3155 1517 3253 pertinentibus

147 3262 355 3330 aecclesiam
381 3275 420 3332 et
443 3287 523 3334 cum
548 3264 730 3338 uniuersis
752 3263 906 3336 iusticlis
929 3261 1004 3336 suia
1032 3276 1067 3332 et
1092 3261 1297 3336 rationibus
1321 3261 1417 3333 sicut
1433 3279 1517 3352 pro·

146 3361 327 3450 genitores
353 3365 467 3436 nostri
494 3387 573 3436 sam
596 3365 835 3458 possederunt
861 3375 895 3435 et
921 3386 987 3436 nos
1014 3384 1158 3457 quoque
1191 3363 1307 3454 ipsam
1345 3361 1517 3430 hactenus

145 3457 327 3532 tenuimus
352 3473 388 3532 et
414 3464 650 3556 possedimus.
678 3476 875 3537 statuentes
899 3463 1060 3534 firmiter.
1086 3473 1126 3532 ut
1154 3461 1352 3553 prelibatae
1387 3454 1527 3552 (lentos¹

145 3561 335 3656 hospitalis
359 3568 471 3634 sancti
492 3565 644 3636 dntonii
668 3567 817 3656 fratres,
846 3566 1018 3657 quoniam
1043 3563 1253 3633 aecclesiam
1279 3559 1427 3632 eandem
1447 3581 1516 3652 pec

144 3681 290 3731 manum
312 3663 436 3735 fratris
462 3665 615 3736 Bononia
641 3667 693 3736 eis
719 3665 956 3736 contraditam
980 3665 1253 3737 tranmicimus.
1286 3660 1440 3730 liberam
1469 3659 1515 3729 de

144 3761 224 3852 ipsa
255 3765 354 3831 omni
387 3777 550 3856 ternpore
583 3789 652 3858 pro
677 3768 833 3838 utilitate
858 3785 923 3836 sua
946 3765 1161 3857 disponendi
1184 3761 1343 3838 habeant
1367 3761 1515 3829 facolta-

144 3871 227 3931 tcm.
277 3863 333 3931 Ad
356 3867 462 3935 huius
488 3879 607 3936 autern
634 3863 837 3940 donationis
865 3877 902 3936 ct
929 3865 1210 3962 confirmationis
1236 3873 1381 3934 nostrae
1400 3857 1515 3930 robm
1556 3907 1562 3927 .

145 3973 373 4054 perpetuum.
407 3969 498 4035 hanc
532 3967 700 4060 paginam
736 3966 864 4038 exinde
891 3967 1133 4057 conscriptam
1157 3962 1268 4056 sigilli
1292 3961 1408 4032 nostri
1434 3962 1514 4028 cha-

145 4073 284 4133 ractere
310 4065 479 4137 suasimus
493 4069 734 4139 communiri.
781 4069 904 4139 'l'estes
927 4067 980 4136 hii
1015 4073 1107 4136 sunt.
1159 4063 1318 4136 Sila-idne
1334 4057 1512 4151 blami-

1665 3331 1685 3368 l
