3864 4728
530 292 775 409 Diplontatt
799 287 906 378 falsa
936 308 978 377 ct
1002 292 1223 406 rescripte·
1304 335 1311 348 “
1461 303 1559 434 ,301

822 639 941 746 vlt

195 873 289 933 Anno
319 883 411 938 tout·
455 883 481 936 t.
509 866 681 936 Novembr.
724 849 983 938 montanorum:
1017 871 1382 962 lustramentumcirca
1408 872 1560 936 ducentos

656 1017 759 1100 annos
784 964 894 1082 posita
923 981 1091 1083 scriptum.

188 1189 412 1278 Heinricus
443 1190 495 1278 11.
525 1193 752 1308 ch‚·qui
779 1191 989 1293 abhatiam
1014 1195 1332 1312 Kitzingensem
1355 1193 1557 1281 ecclcsiae

173 1307 530 1425 ‘Babenbergensi
558 1310 602 1396 in
634 1311 782 1398 sedem
820 1313 1099 1428 episcopalem
1140 1314 1388 1399 sublimatae
1427 1309 1574 1396 dona-'

151 1428 559 1544 iuerat„·stetuissjs
604 1427 948 1538 annul-„dicisum
981 1449 1055 1516 -ut
1077 1431 1348 1554 congregatio
1390 1427 1561 1515 Kizzin-

187 1543 394 1656 gensinmg
411 1520 698 1648 dominarum.
715 1572 817 1632 usus
843 1565 891 1632 et
919 1545 1147 1660 potestates
1178 1547 1460 1660 piscationum
1492 1545 1561 1660 in·¹
1657 1630 1662 1648 ,

186 1659 439 1745 violabiliter
469 1687 640 1775 semper
670 1659 825 1747 habeat
846 1682 976 1774 atquc
994 1665 1044 1752 in
1059 1692 1209 1754 esrum
1227 1663 1433 1751 levorem
1452 1657 1558 1763 fines
1597 1689 1604 1711 t

453 1775 690 1864 eorundem
719 1779 1003 1898 piscationum
1030 1779 1293 1867 discrevisse.
1382 1855 1384 1860 ,

185 1971 434 2102 (chrismon)
475 1943 837 2106 innumeremus
855 2023 893 2085 et
910 1975 1097 2110 indiuiduo
1108 1965 1558 2124 ¹trinitp'tia'g'lleinricus'di·

183 2124 439 2202 ainaiauente
461 2124 654 2205 clenaentia
677 2131 1030 2207 constutonenos
1054 2130 1234 2205 Nouariat
1257 2126 1559 2210 omniumnoatri

104 2283 111 2292 .
183 2223 346 2302 fidelium
366 2234 610 2320 ,tam-presens
630 2220 1338 2324 etas-quametsnccessuraposteritaa'.
1372 2228 1557 2321 quiscum
1635 2241 1639 2249 ·

182 2343 252 2394 nos
272 2319 388 2394 nostri
409 2325 589 2414 quandam
612 2327 703 2422 iuria
722 2329 909 2428 abbaciam
932 2330 1090 2420 ltizzing
1113 2330 1245 2408 dictam
1270 2351 1316 2398 ex
1343 2327 1495 2400 consilio
1521 2335 1559 2393 et

183 2443 363 2517 censensu
388 2424 593 2515 principum
619 2447 852 2502 romanorum
875 2430 915 2502 in
939 2431 1181 2522 episcopalem
1206 2429 1327 2501 sedem
1348 2425 1557 2500 babenberc

180 2543 265 2597 eunt
292 2523 459 2598 omnibus
483 2525 559 2598 etus
585 2529 821 2616 pertinentiis.
835 2531 919 2604 ‚siue
934 2531 1182 2604 ‘tadherenciic
1198 2529 1367 2602 uidelicet
1394 2521 1556 2598 ecclesiis
1602 2581 1606 2586 .

131 2627 138 2656 l
180 2633 217 2692 et
236 2622 407 2704 omnibus
432 2625 746 2719 utilitatibus-que
767 2626 1060 2718 quolibet;modo
1085 2627 1158 2696 dici
1183 2621 1243 2699 uel
1258 2629 1373 2703 scribi
1406 2635 1558 2716 possunt
1603 2709 1609 2718 Ι

179 2723 463 2814 prosternite
496 2724 680 2814 potuimus
715 2725 930 2798 domuimus
964 2735 1071 2818 atque
1104 2726 1410 2816 proprietauimus
1442 2725 1556 2814 regali

177 2823 301 2892 boum
327 2823 579 2918 sanccinimua,
600 2835 638 2894 et
670 2825 821 2917 signatis
853 2825 983 2898 litteris
1016 2824 1310 2911 confirmcuinaus
1342 2833 1382 2892 ut
1414 2823 1555 2892 ltimin·

177 2921 347 3013 gencium
384 2925 624 3014 congregacio
665 2925 891 2996 dominarum
926 2925 1174 3016 piscacionum
1208 2946 1353 3000 auarum
1391 2945 1477 2994 usus
1517 2931 1555 2990 et

177 3031 378 3115 potestates
403 3023 495 3092 sicut
520 3025 622 3114 priua
654 3024 913 3095 inuiolabiliter
945 3045 1090 3115 semper
1121 3023 1281 3094 haberet.
1333 3025 1411 3092 Hoc
1445 3023 1554 3091 etiam

178 3119 419 3192 determinate
445 3124 670 3193 exclusimus
686 3135 729 3195 ut
754 3125 867 3218 siquis
882 3115 1204 3214 ‚beneficiaririsin
1231 3123 1328 3195 uillis
1352 3123 1455 3192 lieret
1482 3144 1552 3214 que

178 3222 218 3291 in
246 3223 410 3313 margine
436 3223 680 3314 piscacionum
704 3226 872 3323 predicte
907 3222 1201 3319 congregationis
1235 3222 1304 3296 site
1339 3232 1422 3294 sunt
1453 3223 1552 3292 nullo

178 3323 291 3391 modo
318 3325 357 3392 ee
383 3321 428 3390 de
455 3311 617 3412 passcaia
635 3314 901 3416 predictarum
920 3328 1169 3416 piscacionum·
1195 3315 1438 3395 intromittere
1466 3328 1553 3412 'pre-

179 3433 349 3493 sumeret
392 3432 559 3511 preterea
584 3423 674 3502 fines
699 3427 944 3516 piscacionum
971 3427 1022 3495 cic
1048 3425 1309 3510 discredimus,
1343 3433 1384 3492 ut
1410 3443 1455 3490 ex
1480 3441 1553 3489 una
1620 3435 1623 3438 “

179 3533 287 3616 parte
313 3522 412 3613 mogi
438 3521 484 3589 ab
510 3545 614 3592 amne
641 3525 703 3616 qui
730 3525 861 3594 dicitur
886 3527 1072 3593 swarzaha
1099 3525 1289 3616 usqua,·nd
1321 3523 1453 3593 riwum
1488 3519 1551 3611 qui

180 3621 539 3692 diciturdihcnbaclr
566 3633 674 3692 etex
706 3626 817 3694 altera
854 3633 954 3715 parte
988 3623 1089 3714 mogi
1124 3648 1145 3692 a
1178 3625 1263 3692 uilla
1295 3645 1367 3714 que
1400 3631 1552 3688 uocatur

182 3725 340 3790 chellere
363 3742 477 3810 usque
503 3722 549 3791 ad
574 3725 706 3792 uallem
733 3726 903 3793 aulsevelt
928 3745 1035 3793 nemo
1061 3733 1205 3816 praeter
1238 3721 1455 3791 abbatissam
1481 3717 1552 3810 pis·

181 3821 286 3890 cendi
311 3829 524 3910 potestatem
550 3824 701 3892 haberet
725 3822 795 3896 nisi
821 3824 883 3915 qui
908 3821 1067 3912 piscandi
1101 3823 1285 3891 licenciam
1318 3821 1364 3891 ab
1399 3819 1475 3908 ipsc
1501 3818 1551 3885 in·

182 3930 352 4010 petraret.
400 3919 534 3990 Omnes
557 3910 653 4008 enim
687 3923 774 3990 uille
808 3945 854 3991 ex
885 3932 1038 4016 utraque
1064 3923 1183 3992 litoris
1213 3920 1329 4012 posite
1363 3913 1459 3987 intra
1484 3920 1549 3985 hor

185 4031 340 4112 quatuor
370 4017 460 4090 fines
493 4021 651 4092 eiusdem
686 4022 835 4100 abbacie
867 4033 979 4092 erant.
1045 4021 1163 4118 Siquis
1190 4021 1302 4114 igitur
1330 4017 1426 4115 quod
1456 4016 1551 4086 absit
