3804 4718
677 331 940 420 Authentica.

685 620 949 740 DCCVII.

416 871 511 930 Anno
542 873 635 932 12³2.
688 885 797 928 mense
823 865 954 930 Martio.
1005 869 1189 934 Ravennae.

109 1060 363 1149 Fridericus
391 1062 444 1146 II.
466 1061 808 1148 constitutionem
828 1089 947 1146 suam
967 1065 1209 1177 generalem
1231 1086 1375 1154 contra
1395 1069 1493 1156 hae·

108 1181 272 1266 reticos
300 1180 589 1294 promulgans,
618 1178 771 1266 fratres
791 1178 950 1264 ordinis
971 1181 1311 1294 praedicatorum
1338 1185 1391 1270 de
1410 1190 1492 1274 Ra·

110 1299 308 1412 depone,
338 1326 416 1412 pro
446 1295 544 1381 fidoi
574 1297 744 1408 nogotio
770 1298 812 1379 in
842 1298 1033 1410 partibus
1066 1293 1330 1385 Theoloniae
1363 1304 1493 1420 depu-

49 1424 52 1428 ’
149 1435 287 1517 talos,
319 1415 398 1500 sub
430 1443 506 1500 sua
538 1431 578 1497 et
606 1413 775 1526 imperii
806 1415 977 1528 speciali
1006 1416 1157 1532 recipit
1187 1417 1449 1530 defensione,

242 1561 406 1646 eosque
437 1530 633 1618 omnibus
663 1529 831 1646 imperii
860 1529 1056 1618 fidelibus
1083 1535 1365 1624 commendat.

109 1701 347 1834 Fridarieus
381 1763 438 1833 dei
474 1765 589 1856 gratia
614 1765 860 1832 Romanorum
886 1767 1088 1853 Imperator
1121 1786 1266 1855 semper
1299 1771 1500 1872 Augustus..

109 1879 318 1950 Jerusalem
345 1887 380 1948 et
407 1879 520 1948 sicilie
546 1882 634 1948 Rex.
687 1881 839 1948 Dilectis
867 1879 1093 1970 Principibus
1121 1881 1194 1948 suis
1214 1885 1490 1958 venerabilibus

108 1980 417 2070 Archiepiscopis.
443 1981 644 2068 Episcopis.
679 1982 839 2070 Alliaque
866 1982 1014 2069 prelatis
1041 1981 1285 2050 ecclesiarum.
1318 1987 1491 2056 Ducibus.

2 2113 12 2130 =
108 2081 400 2150 Marchionibus.
427 2079 640 2148 comitibus.
666 2080 878 2147 Beronibus.
906 2081 1084 2147 Scultetis.
1118 2079 1339 2168 Burgrauiis.
1375 2085 1492 2157 Aduo·
1601 2111 1609 2119 ·

111 2183 216 2250 catis.
243 2179 442 2248 Judicibus.
471 2181 765 2247 Ministerialibus
806 2179 1037 2264 Officialibus.
1065 2189 1100 2246 et
1131 2181 1308 2249 vniuersis
1343 2205 1409 2271 per
1441 2197 1493 2257 to·

109 2292 192 2350 turn
227 2273 419 2369 imperium
454 2281 656 2347 constitutis
691 2289 875 2368 presentes
908 2277 1046 2346 litteras
1078 2279 1293 2368 inspecturis
1326 2271 1493 2356 fidelibus

113 2382 191 2452 suis
219 2382 373 2472 gratiam
398 2401 498 2446 suam
527 2390 563 2447 et
589 2401 694 2447 omne
720 2381 867 2448 bonum.
921 2379 1110 2447 Commissi
1135 2380 1239 2448 nobis
1266 2383 1390 2452 celitus
1406 2409 1493 2456 cura

113 2480 308 2569 regiminis
343 2489 379 2547 et
403 2479 601 2566 Imperialis
636 2479 693 2547 cui
727 2480 833 2546 dante
867 2477 1014 2546 domino
1048 2481 1276 2550 Presidemus
1307 2479 1493 2575 fastigium

114 2581 313 2670 dignitatis.
341 2578 562 2646 materialem
589 2601 662 2668 quo
690 2579 833 2646 diuisim
860 2579 1100 2646 asacardotio
1115 2580 1302 2668 fungimur
1322 2585 1493 2672 gladium.
1610 2643 1631 2664 c

114 2681 301 2749 Aduersus
327 2679 458 2748 Hostes
484 2678 568 2746 fidei
595 2690 630 2745 et
655 2679 692 2745 in
720 2677 974 2746 exterminium
1008 2679 1167 2745 heretice
1193 2679 1384 2750 Prauitatis
1420 2689 1493 2754 exi·

115 2791 209 2872 gunt
236 2777 453 2847 exerendum
479 2787 545 2844 etc.
573 2785 630 2858 (ut
655 2780 691 2843 in
719 2777 947 2867 praecedenti
967 2778 1223 2857 instrumento)
1277 2780 1332 2847 Ad
1348 2785 1495 2854 haeno-

115 2891 195 2950 tum
223 2879 300 2948 lieri
328 2882 494 2948 uolumus
521 2877 712 2946 uniuersis.
762 2877 925 2945 Priorem
952 2887 988 2944 et
1013 2877 1142 2944 iratres
1169 2877 1305 2946 ordinis
1335 2881 1494 2969 predica·

117 2993 242 3050 torum
256 2981 347 3062 (de)
373 2975 582 3074 Ratispona.
609 2999 675 3068 pro
694 2977 777 3045 fidei
794 2972 940 3070 negotio
956 2975 1172 3067 inpartibus
1188 2980 1385 3047 Theotonie
1407 3003 1493 3053 con·

118 3093 177 3148 tra
202 3082 381 3149 hereticos
407 3079 596 3168 deputatos
623 3078 745 3146 fideles
772 3087 927 3146 nostros.
956 3087 1096 3146 ceteros
1122 3099 1267 3169 quoque
1294 3081 1356 3170 qui
1377 3082 1494 3152 adhe·

119 3177 254 3248 reticos
278 3179 489 3248 iudicandos
514 3179 733 3247 accesserint
760 3188 796 3246 et
821 3178 1068 3246 conuenerint.
1089 3174 1156 3252 nisi
1174 3199 1298 3245 eorum
1316 3181 1427 3271 aliqui
1446 3184 1492 3253 ab

118 3278 275 3372 imperio
302 3280 372 3348 sint
398 3279 600 3369 proscripti.
651 3277 790 3346 Eundo.
816 3278 1004 3345 morando.
1033 3289 1069 3344 et
1094 3277 1291 3345 redeundo.
1330 3281 1414 3348 Sub*
1430 3305 1495 3354 no·

118 3390 193 3450 stra
219 3389 254 3448 et
277 3375 423 3470 Imperij
450 3377 596 3468 speciali
623 3377 833 3446 defensione
859 3389 1036 3466 receptos.
1064 3385 1100 3443 et
1126 3378 1224 3467 quod
1250 3379 1347 3467 apud
1367 3402 1492 3454 omnes

118 3481 184 3550 sub
210 3501 282 3571 ope
307 3501 348 3548 ac
374 3478 726 3546 recommendatione
753 3477 911 3544 fidelium
937 3475 1083 3568 Imperij
1112 3497 1190 3544 ease
1215 3477 1383 3548 uolumus
1399 3480 1492 3552 inof-

119 3581 255 3650 fensos.
306 3579 541 3649 Vniuersitati
574 3589 696 3648 nestra
730 3578 949 3646 mandantes.
982 3585 1161 3668 qnatenus
1197 3598 1426 3671 quocumque
1457 3593 1496 3654 et

117 3679 215 3771 apud
239 3699 490 3772 quemcunque
516 3688 680 3746 nostrum
706 3677 939 3768 peruenerint
963 3677 1118 3771 benigne
1145 3677 1326 3765 recipiatis
1348 3679 1495 3751 eosdem

115 3801 295 3872 personas
320 3801 448 3848 eorum
471 3779 517 3847 ab
543 3780 692 3847 incursu
717 3779 960 3847 hereticorum
988 3778 1038 3844 eis
1071 3773 1317 3845 insidiantium
1351 3801 1495 3850 conaer·
1563 3783 1575 3798 “

115 3892 247 3950 nantes
273 3881 495 3969 indempnes.
522 3901 629 3948 omne
650 3879 844 3972 'consilium
871 3879 1037 3946 ducatum
1065 3885 1102 3945 et
1118 3877 1290 3944 auxilium
1309 3877 1492 3970 impenda-

117 3981 162 4052 tis
188 4003 260 4073 pro
284 3992 359 4050 tam
385 3976 542 4069 acceptis
570 4001 691 4049 coram
716 3979 863 4047 domino
884 3978 1045 4069 negociis
1066 3976 1286 4068 exequendis
1302 3979 1493 4049 Hereticos

119 4102 208 4152 uero
234 4101 328 4174 quoa
353 4079 660 4175 deprehenderint
685 4090 721 4152 et
739 4077 966 4152 ostenderint
982 4079 1053 4171 ipsi
1067 4077 1173 4150 uobis
1190 4076 1227 4146 in
1242 4075 1491 4153 iurisdictione
1553 4127 1558 4134 -
