3746 4720
161 1326 297 1459 Quum
323 1391 364 1433 ex
389 1367 534 1432 eonaulto
561 1369 668 1432 oleario
693 1367 863 1431 historicae
895 1369 991 1432 aerior
1024 1365 1280 1432 authenticorum
1315 1369 1526 1453 diplomatum

157 1475 450 1555 imperatorumue
475 1489 587 1556 regum
614 1469 817 1534 solummodo
842 1469 881 1531 ad
912 1466 1121 1552 Rudolpbum
1147 1469 1173 1531 1.
1201 1467 1337 1554 eatiape
1368 1471 1529 1556 Habepur·

158 1574 231 1664 gioa
257 1571 299 1638 ait
324 1571 546 1654 producenda,
571 1567 713 1651 diploma
737 1569 823 1657 regia
848 1567 999 1632 Richardi
1035 1589 1092 1651 pro
1125 1567 1362 1654 archiepiscopo
1388 1571 1529 1660 Moguu·

158 1675 230 1736 tino
255 1673 371 1738 aeriam
404 1671 597 1783 praedictam
630 1669 791 1734 terminat.
852 1670 889 1732 Si
921 1667 1085 1752 complura
1119 1671 1310 1748 documenta
1340 1671 1380 1733 ad
1410 1671 1527 1736 seriem

159 1775 255 1838 iatam
282 1772 477 1856 pertinentia
502 1768 688 1848 omisimus,
716 1773 796 1854 qua'e
820 1789 925 1884 paene
951 1771 1061 1834 omnia
1085 1770 1222 1836 arariie
1237 1771 1527 1855 scriptoribuejam
1661 1780 1664 1791 '

160 1875 247 1938 edita
272 1885 348 1936 eunt
374 1885 404 1933 et
438 1891 575 1955 quorum
614 1870 851 1959 originalium
884 1870 1015 1934 seriniis
1041 1871 1144 1986 ⁰regui
1176 1869 1280 1934 adhue
1312 1881 1527 1948 asservantur,

158 1977 222 2037 hoc
247 1973 318 2036 ideo
344 1971 462 2034 lactum
488 1982 549 2046 eet
577 1972 660 2052 quod
682 1971 745 2037 iata
770 1970 942 2054 diplomata
966 1971 1085 2054 partim
1111 1973 1176 2034 sint
1207 1967 1306 2048 falsa,
1339 1973 1456 2055 partim
1483 1991 1530 2036 re-
1608 1979 1612 1986 '

161 2087 278 2137 novata
305 2087 335 2137 ot
357 2072 518 2154 rescripta.
579 2071 764 2136 Consultiue
799 2071 979 2156 meliusque
1009 2071 1109 2160 igitur
1141 2071 1247 2135 risum
1281 2081 1345 2148 eet,
1382 2071 1460 2134 haee
1485 2071 1530 2132 di·
1566 2139 1574 2166 Ι

96 2182 101 2195 ¹
160 2175 300 2258 plomata
327 2175 406 2235 hino
436 2173 620 2246 adnectere,
657 2193 753 2258 quam
791 2169 871 2238 falae
907 2185 939 2236 et
969 2173 1120 2252 rescripta
1152 2171 1236 2235 veria
1271 2191 1308 2234 aa
1340 2169 1531 2236 authentieia

161 2277 354 2340 immiscere.
406 2269 583 2334 Duodecim
611 2291 686 2338 vero
722 2272 912 2338 documenta
947 2271 1111 2358 aequantia
1145 2270 1231 2336 iuter
1263 2270 1344 2336 l'aloa
1378 2283 1408 2334 et
1439 2291 1531 2335 reno·
1618 2331 1622 2344 ,

159 2389 232 2440 rata
248 2393 417 2458 fatumue·
435 2373 601 2472 censenda.

830 2923 869 3024 1.

218 3164 330 3222 Annua
357 3131 495 3218 fictionis
525 3167 604 3229 τιὸ,
640 3153 742 3236 forma
768 3150 975 3216 membranae
1010 3173 1048 3216 ex
1081 3151 1207 3216 eaeoulo
1240 3153 1298 3233 X„
1332 3155 1487 3240 scriptura

559 3280 683 3345 falsarii
710 3303 749 3344 ex
775 3279 902 3346 aaeculo
928 3279 1000 3344 ΧΠ.
1027 3279 1144 3344 medio.

142 3473 349 3574 ,carolus
379 3477 441 3564 M.
472 3479 725 3589 imperator,
756 3483 908 3592 rogatu
948 3469 1136 3593 coniugia
1175 3505 1276 3565 auae
1311 3477 1536 3595 Hildegar-

168 3597 331 3703 dia,1n
359 3597 617 3686 monasterio
650 3595 978 3708 Campidouensi
1015 3594 1311 3712 Audogarium
1350 3598 1538 3708 primum

168 3716 408 3802 abbatem
395 3714 644 3822 anstituisse²
673 3715 915 3851 ipaumqua·
933 3713 1116 3800 locum
1104 3745 1147 3800 m
1178 3745 1287 3832 pago
1323 3715 1536 3832 Ilregowe

81 3906 84 3920 .
170 3834 321 3936 sittun,
349 3852 392 3920 et
417 3833 594 3920 diversis
624 3833 915 3920 muneribus
902 3861 947 3918 m
985 3862 1096 3948 pago
1133 3833 1369 3950 Ilregowe,
1404 3832 1537 3920 Albe·
1648 3913 1651 3920 .

171 3979 297 4064 gowe
329 3969 371 4097 et
400 3953 687 4066 Augeotgowe
724 3981 778 4038 ex
814 3969 1004 4038 materna
1043 3949 1302 4040 haereditata
1342 3951 1535 4056 ditatum,
