3772 4722
1310 11 1327 48 l
1383 40 1386 49 .

400 254 494 406 tlt
772 307 1043 428 ,Diplomata
1069 255 1414 426 Imperatorum
1489 449 1495 454 -

814 583 1329 802 ‘'”uccuxu.4

545 889 550 926 ι
671 878 766 962 Anno
784 885 891 956 «1239.
930 873 1059 950 ‚Mense
1085 871 1188 934 Maio.
1233 855 1323 954 'apud
1349 873 1506 943 Homnae.

403 1068 626 1162 Comedus
654 1069 753 1178 IV.,
783 1071 827 1154 iu
856 1095 1004 1184 regem
1034 1067 1220 1172 electus,
1250 1068 1498 1182 priorissam
1529 1086 1574 1154 et
1589 1086 1776 1174 eonven·
1816 1055 1820 1063 ’

354 1190 357 1200 ’
401 1213 494 1278 turn
523 1191 567 1276 in
595 1190 691 1275 loco
723 1187 850 1274 Griez
879 1184 995 1303 apud
1023 1193 1283 1299 Augustam,
1316 1214 1415 1272 cum
1447 1166 1646 1273 omnibus
1675 1213 1775 1302 per-

487 1309 601 1422 sonis
633 1327 675 1393 et
702 1303 1075 1426 possessionibus,
1113 1304 1193 1388 sub
1224 1303 1396 1420 speciali
1425 1305 1689 1422 protectione

1015 1417 1177 1537 recipit

271 1684 274 1695 ·
330 1615 334 1624 Ι
404 1593 533 1725 Cone
534 1652 676 1736 (,adus)
701 1651 778 1722 dini
802 1652 955 1744 Augusti
982 1613 1218 1743 Imperatoris
1242 1607 1454 1738 Frtideriei)
1481 1651 1682 1740 filiumdei
1702 1675 1778 1745 gra·
1881 1613 1883 1636 Ι

402 1771 459 1839 tie
477 1765 760 1838 Romanorum
751 1788 787 1834 ιιι
813 1768 953 1883 Regem
978 1768 1143 1854 Electus,
1177 1768 1328 1858 Semper
1351 1773 1556 1859 Augustus,
1595 1777 1632 1836 et
1666 1769 1777 1836 lieres

402 1869 507 1959 regni
532 1866 859 1937 ierosolimitarum
885 1867 1064 1937 uniuersis
1089 1864 1236 1959 imperii
1260 1867 1424 1937 fidelibus
1441 1878 1628 1958 presentes
1643 1869 1777 1938 litteras

403 1967 620 2060 inspeeturis
647 1943 931 2058 imperpetuum
980 1969 1123 2064 Quanto
1150 1968 1273 2037 diuina
1293 1972 1453 2058 potentie
1468 1979 1612 2038 nostros
1629 1971 1777 2060 ampliat
1882 1971 1884 1990 i

403 2072 540 2162 tytulos
574 2079 610 2138 et
630 2069 783 2136 extollit
815 2067 975 2137 uberius.
1008 2078 1109 2136 tanto
1142 2067 1194 2137 illi
1229 2069 1394 2138 deuotius
1421 2071 1517 2138 eirea
1544 2068 1776 2138 ecelesiarum
1884 2115 1885 2136 2

405 2172 602 2262 proiectus,
630 2189 818 2239 oensemus
843 2191 910 2238 nos
938 2169 1069 2238 merito
1095 2169 1289 2240 debitores.
1338 2171 1415 2237 Hae
1441 2169 1622 2262 siqnidem
1637 2169 1777 2238 ratione
1883 2171 1885 2260 ς

390 2277 532 2342 'notum
559 2291 637 2339 esse
661 2272 832 2338 uolumus
858 2279 931 2337 tam
956 2269 1186 2359 presentibus
1211 2289 1318 2363 quam
1346 2267 1489 2355 futuris,
1513 2269 1614 2384 quod
1637 2269 1708 2339 uos
1723 2269 1781 2338 de·

406 2374 520 2442 uotis
529 2369 854 2462 supplicationibus
879 2369 1055 2439 Priorisse
1081 2381 1118 2440 et
1144 2381 1345 2439 oonuentus
1371 2369 1408 2438 in
1434 2373 1529 2439 loeo
1546 2368 1613 2461 qui
1646 2370 1779 2440 dieitur
1884 2391 1885 2396 ¹

407 2472 517 2542 Gries
543 2469 639 2560 apud
664 2473 863 2570 Augustam
889 2470 957 2538 sub
982 2473 1110 2559 regula
1133 2465 1229 2558 bentj
1255 2469 1456 2559 Augustini
1473 2469 1702 2560 degentium,
1733 2470 1780 2537 fa·

404 2571 627 2648 uorebiliter
643 2567 817 2658 inelinatj.
865 2563 1163 2639 Monasterium
1152 2593 1325 2661 ipsarum,
1334 2577 1387 2638 et
1406 2590 1579 2661 personas
1598 2571 1634 2640 in
1656 2593 1703 2640 en
1720 2569 1777 2638 do·

291 2741 295 2746 ,
405 2675 505 2745 mino
529 2671 758 2768 famulantes,
786 2691 868 2738 oum
894 2670 1072 2744 uniuersis
1097 2671 1386 2762 possessionibus
1410 2683 1451 2746 et
1474 2671 1581 2740 bonis
1607 2669 1780 2763 suisque

360 2775 443 2843 ’.ἰιι
470 2758 738 2864 presentiarum
761 2770 855 2868 iuste
881 2771 1067 2860 possident
1092 2773 1216 2848 autin
1242 2771 1403 2866 futurum
1430 2772 1533 2841 iustis
1568 2769 1683 2854 modis
1717 2791 1781 2861 pn·

408 2884 532 2954 terunt
565 2873 725 2962 adipisci.
759 2872 827 2939 sub
860 2881 983 2940 nostre
1010 2882 1046 2940 et
1071 2872 1215 2962 imperii
1241 2871 1477 2962 protectionis
1503 2872 1621 2961 gratia
1647 2871 1781 2962 recepi·

409 2995 488 3043 mus
515 2973 675 3063 speciali.
727 2971 940 3040 Mandantes
967 2982 1004 3039 et
1030 2991 1096 3060 per
1117 2980 1304 3062 optentum
1317 2983 1486 3061 paterne,
1512 2983 1548 3040 et
1564 2981 1687 3040 nostre
1701 2990 1781 3061 gra·

407 3077 458 3142 tie
486 3073 728 3163 precipientes
754 3070 908 3136 firmiter
932 3079 966 3138 et
984 3059 1165 3154 districte,
1192 3081 1380 3161 quatenus,
1409 3073 1508 3141 nulia
1533 3091 1689 3162 persona
1711 3073 1788 3139 liu-⁵

407 3173 502 3241 milis
529 3173 589 3238 uel
615 3172 707 3253 alta,
737 3168 979 3248 ecclesiastiea
1002 3170 1064 3238 uel
1089 3170 1286 3258 mundana,
1315 3169 1465 3251 eandem
1491 3171 1705 3262 priorissam
1726 3171 1783 3238 uel

410 3292 555 3342 sorores
582 3269 742 3352 eusdem,
769 3277 896 3335 eontra
921 3268 1100 3357 presentis
1125 3269 1361 3360 protectionis
1388 3282 1511 3340 nostre
1537 3271 1689 3363 gratiam
1706 3291 1783 3362 pre·

412 3375 529 3442 sumat
565 3371 625 3438 uel
655 3367 786 3438 audeat
820 3363 1008 3458 impedire.
1067 3369 1173 3464 Quod
1198 3371 1551 3463 quipresutnpserit
1571 3370 1784 3464 issdignatio-

410 3494 493 3540 nem
520 3480 682 3540 nostram
710 3478 745 3534 et
763 3466 909 3564 imperij
936 3488 975 3538 se
1001 3470 1093 3539 seint
1116 3471 1449 3563 irrecuperabiliter
1467 3472 1674 3542 incurrisse.
1717 3475 1782 3540 Da·

408 3585 485 3640 tum
511 3569 607 3660 apud
633 3568 810 3650 Herburo
827 3572 930 3638 Anno
956 3568 1136 3639 dominice
1162 3572 1417 3641 incarnationis
1434 3573 1627 3642 Millesimo
1650 3575 1785 3641 Dunen-

410 3671 538 3742 tssirno
564 3667 765 3737 Tricesimo
792 3668 908 3738 Nono.
959 3669 1082 3739 Mense
1108 3671 1206 3759 Maij.
1259 3672 1481 3742 Duodecime
1507 3672 1726 3741 indictionis.

475 3863 508 3936 a)
532 3854 706 3943 Sigillum,
741 3853 825 3938 quod
850 3853 1065 3937 appendebat,
1102 3849 1218 3935 p‘eriits
1251 3860 1406 3924 remansit
1431 3859 1498 3928 sols
1532 3879 1604 3950 pars
1639 3858 1783 3941 superior

533 3955 662 4018 filorum
689 3955 866 4017 sericorum
891 3955 981 4018 rubri
1007 3965 1038 4020 et
1064 3953 1137 4017 flavi
1165 3957 1288 4034 eoloris,
1315 3957 1520 4022 membranae
1545 3957 1685 4024 inferius
1701 3979 1785 4021 eom·

533 4056 668 4142 plicatae
694 4056 824 4119 innexa.

731 4168 737 4183 ι
1749 4154 1783 4236 ὁ)
