<?xml version="1.0" encoding="UTF-8"?>
<!DOCTYPE html PUBLIC "-//W3C//DTD XHTML 1.0 Transitional//EN"
    "http://www.w3.org/TR/xhtml1/DTD/xhtml1-transitional.dtd">
<html xmlns="http://www.w3.org/1999/xhtml" xml:lang="en" lang="en">
 <head>
  <title>
</title>
<meta http-equiv="Content-Type" content="text/html;charset=utf-8" />
  <meta name='ocr-system' content='tesseract 3.04.00' />
  <meta name='ocr-capabilities' content='ocr_page ocr_carea ocr_par ocr_line ocrx_word'/>
</head>
<body>
  <div class='ocr_page' id='page_1' title='image "./monumentaboicae22landgoog_0216.png"; bbox 0 0 3772 4722; ppageno 0'>
   <div class='ocr_carea' id='block_1_1' title="bbox 395 242 1380 411">
    <p class='ocr_par' dir='ltr' id='par_1_1' title="bbox 395 242 1380 411">
     <span class='ocr_line' id='line_1_1' title="bbox 395 242 1380 411; baseline -0.004 -25"><span class='ocrx_word' id='word_1_1' title='bbox 395 302 483 388; x_wconf 80' lang='lat'>208</span> <span class='ocrx_word' id='word_1_2' title='bbox 640 389 646 402; x_wconf 60' lang='grc'>,</span> <span class='ocrx_word' id='word_1_3' title='bbox 792 291 1038 408; x_wconf 82' lang='lat' dir='ltr'>Diplomata</span> <span class='ocrx_word' id='word_1_4' title='bbox 1066 242 1380 411; x_wconf 71' lang='lat' dir='ltr'>Imperatorum</span> 
     </span>
    </p>
   </div>
   <div class='ocr_carea' id='block_1_2' title="bbox 512 795 1540 943">
    <p class='ocr_par' dir='ltr' id='par_1_2' title="bbox 512 795 1540 943">
     <span class='ocr_line' id='line_1_2' title="bbox 512 795 1540 943; baseline -0.003 -66"><span class='ocrx_word' id='word_1_5' title='bbox 512 795 516 805; x_wconf 46' lang='lat'>¹</span> <span class='ocrx_word' id='word_1_6' title='bbox 577 819 726 934; x_wconf 79' lang='lat' dir='ltr'>Anno</span> <span class='ocrx_word' id='word_1_7' title='bbox 761 825 881 882; x_wconf 73' lang='lat'>1235·¹</span> <span class='ocrx_word' id='word_1_8' title='bbox 909 811 957 943; x_wconf 80' lang='grc'>16.</span> <span class='ocrx_word' id='word_1_9' title='bbox 973 817 1161 880; x_wconf 73' lang='lat' dir='ltr'><strong>Februarii.</strong></span> <span class='ocrx_word' id='word_1_10' title='bbox 1215 817 1299 918; x_wconf 83' lang='lat' dir='ltr'>apud</span> <span class='ocrx_word' id='word_1_11' title='bbox 1323 813 1540 878; x_wconf 80' lang='lat' dir='ltr'>Nnorenberc</span> 
     </span>
    </p>
   </div>
   <div class='ocr_carea' id='block_1_3' title="bbox 286 918 1783 1714">
    <p class='ocr_par' dir='ltr' id='par_1_3' title="bbox 286 918 1783 1697">
     <span class='ocr_line' id='line_1_3' title="bbox 401 918 1783 1130; baseline 0.001 -49"><span class='ocrx_word' id='word_1_12' title='bbox 401 918 615 1081; x_wconf 81' lang='lat' dir='ltr'>chricus</span> <span class='ocrx_word' id='word_1_13' title='bbox 643 995 737 1081; x_wconf 81' lang='lat' dir='ltr'>vtt.</span> <span class='ocrx_word' id='word_1_14' title='bbox 757 1023 845 1082; x_wconf 86' lang='lat' dir='ltr'>rex</span> <span class='ocrx_word' id='word_1_15' title='bbox 877 928 1036 1083; x_wconf 82' lang='lat' dir='ltr'>Sifrido</span> <span class='ocrx_word' id='word_1_16' title='bbox 1067 949 1378 1106; x_wconf 86' lang='lat' dir='ltr'>Ratisponensi</span> <span class='ocrx_word' id='word_1_17' title='bbox 1395 960 1594 1130; x_wconf 78' lang='lat' dir='ltr'>episcopo</span> <span class='ocrx_word' id='word_1_18' title='bbox 1626 955 1669 1080; x_wconf 77' lang='lat' dir='ltr'>et</span> <span class='ocrx_word' id='word_1_19' title='bbox 1691 997 1783 1082; x_wconf 90' lang='lat' dir='ltr'>Im-</span> 
     </span>
     <span class='ocr_line' id='line_1_4' title="bbox 293 1110 1779 1249; baseline 0.001 -52"><span class='ocrx_word' id='word_1_20' title='bbox 293 1158 295 1164; x_wconf 32' lang='grc' dir='ltr'>ν</span> <span class='ocrx_word' id='word_1_21' title='bbox 401 1113 568 1249; x_wconf 74' lang='lat' dir='ltr'>periodis</span> <span class='ocrx_word' id='word_1_22' title='bbox 599 1111 720 1200; x_wconf 86' lang='lat' dir='ltr'>aulae</span> <span class='ocrx_word' id='word_1_23' title='bbox 750 1114 1027 1221; x_wconf 68' lang='lat' dir='ltr'>cancellario,</span> <span class='ocrx_word' id='word_1_24' title='bbox 1071 1133 1245 1226; x_wconf 88' lang='lat' dir='ltr'>propter</span> <span class='ocrx_word' id='word_1_25' title='bbox 1276 1115 1447 1200; x_wconf 87' lang='lat' dir='ltr'>&#39;servitia</span> <span class='ocrx_word' id='word_1_26' title='bbox 1477 1110 1556 1199; x_wconf 89' lang='lat' dir='ltr'>sibi</span> <span class='ocrx_word' id='word_1_27' title='bbox 1589 1133 1631 1198; x_wconf 87' lang='lat' dir='ltr'>et</span> <span class='ocrx_word' id='word_1_28' title='bbox 1661 1117 1779 1230; x_wconf 85' lang='lat' dir='ltr'>geni-</span> 
     </span>
     <span class='ocr_line' id='line_1_5' title="bbox 286 1222 1780 1342; baseline -0.001 -24"><span class='ocrx_word' id='word_1_29' title='bbox 286 1271 293 1291; x_wconf 81' lang='lat'>·</span> <span class='ocrx_word' id='word_1_30' title='bbox 401 1234 483 1318; x_wconf 85' lang='lat' dir='ltr'>tori</span> <span class='ocrx_word' id='word_1_31' title='bbox 523 1261 620 1316; x_wconf 88' lang='lat' dir='ltr'>suo</span> <span class='ocrx_word' id='word_1_32' title='bbox 628 1222 851 1334; x_wconf 83' lang='lat' dir='ltr'>Friderico</span> <span class='ocrx_word' id='word_1_33' title='bbox 890 1230 942 1318; x_wconf 89' lang='grc' dir='ltr'>Π.</span> <span class='ocrx_word' id='word_1_34' title='bbox 962 1234 1224 1342; x_wconf 86' lang='lat' dir='ltr'>imperatori</span> <span class='ocrx_word' id='word_1_35' title='bbox 1260 1232 1469 1337; x_wconf 85' lang='lat' dir='ltr'>exhibita,</span> <span class='ocrx_word' id='word_1_36' title='bbox 1513 1235 1710 1319; x_wconf 86' lang='lat' dir='ltr'>concedit</span> <span class='ocrx_word' id='word_1_37' title='bbox 1738 1253 1780 1318; x_wconf 88' lang='lat' dir='ltr'>ct</span> 
     </span>
     <span class='ocr_line' id='line_1_6' title="bbox 403 1333 1779 1461; baseline 0.001 -26"><span class='ocrx_word' id='word_1_38' title='bbox 403 1333 533 1436; x_wconf 87' lang='lat' dir='ltr'>donat</span> <span class='ocrx_word' id='word_1_39' title='bbox 561 1349 616 1436; x_wconf 87' lang='lat' dir='ltr'>ad</span> <span class='ocrx_word' id='word_1_40' title='bbox 646 1343 775 1436; x_wconf 85' lang='lat' dir='ltr'>vitam</span> <span class='ocrx_word' id='word_1_41' title='bbox 809 1353 900 1436; x_wconf 87' lang='lat' dir='ltr'>eius</span> <span class='ocrx_word' id='word_1_42' title='bbox 933 1381 1080 1438; x_wconf 87' lang='lat' dir='ltr'>omnes</span> <span class='ocrx_word' id='word_1_43' title='bbox 1111 1372 1366 1461; x_wconf 87' lang='lat' dir='ltr'>proventus,</span> <span class='ocrx_word' id='word_1_44' title='bbox 1399 1347 1713 1439; x_wconf 88' lang='lat' dir='ltr'>iurisdictiones</span> <span class='ocrx_word' id='word_1_45' title='bbox 1740 1369 1779 1436; x_wconf 88' lang='lat' dir='ltr'>et</span> 
     </span>
     <span class='ocr_line' id='line_1_7' title="bbox 477 1467 1708 1582; baseline 0.002 -28"><span class='ocrx_word' id='word_1_46' title='bbox 477 1468 682 1570; x_wconf 85' lang='lat' dir='ltr'>iustitias,</span> <span class='ocrx_word' id='word_1_47' title='bbox 714 1499 768 1553; x_wconf 82' lang='lat' dir='ltr'>ex</span> <span class='ocrx_word' id='word_1_48' title='bbox 796 1468 974 1562; x_wconf 87' lang='lat' dir='ltr'>iudeis</span> <span class='ocrx_word' id='word_1_49' title='bbox 963 1471 1006 1558; x_wconf 86' lang='grc' dir='ltr'>ιιι</span> <span class='ocrx_word' id='word_1_50' title='bbox 1037 1470 1265 1579; x_wconf 85' lang='lat' dir='ltr'>Ratispona</span> <span class='ocrx_word' id='word_1_51' title='bbox 1296 1467 1546 1582; x_wconf 82' lang='lat' dir='ltr'><strong>degentibus</strong></span> <span class='ocrx_word' id='word_1_52' title='bbox 1580 1487 1645 1552; x_wconf 87' lang='lat' dir='ltr'>et</span> <span class='ocrx_word' id='word_1_53' title='bbox 1641 1471 1708 1558; x_wconf 86' lang='lat' dir='ltr'>ad</span> 
     </span>
     <span class='ocr_line' id='line_1_8' title="bbox 604 1585 1569 1714; baseline 0.003 -46"><span class='ocrx_word' id='word_1_54' title='bbox 604 1611 725 1670; x_wconf 86' lang='lat' dir='ltr'>suam</span> <span class='ocrx_word' id='word_1_55' title='bbox 757 1603 798 1670; x_wconf 87' lang='lat' dir='ltr'>et</span> <span class='ocrx_word' id='word_1_56' title='bbox 827 1586 996 1696; x_wconf 88' lang='lat' dir='ltr'>imperii</span> <span class='ocrx_word' id='word_1_57' title='bbox 1025 1613 1239 1714; x_wconf 77' lang='lat' dir='ltr'>cameram</span> <span class='ocrx_word' id='word_1_58' title='bbox 1270 1585 1569 1697; x_wconf 78' lang='lat' dir='ltr'><strong>spectantibus.</strong></span> 
     </span>
    </p>
   </div>
   <div class='ocr_carea' id='block_1_4' title="bbox 404 1757 1784 1906">
    <p class='ocr_par' dir='ltr' id='par_1_4' title="bbox 404 1757 1784 1906">
     <span class='ocr_line' id='line_1_9' title="bbox 404 1757 1784 1906; baseline -0.001 -23"><span class='ocrx_word' id='word_1_59' title='bbox 404 1797 654 1906; x_wconf 64' lang='lat' dir='ltr'>(chrismon.)</span> <span class='ocrx_word' id='word_1_60' title='bbox 701 1757 767 1888; x_wconf 77' lang='lat' dir='ltr'>In</span> <span class='ocrx_word' id='word_1_61' title='bbox 790 1821 936 1889; x_wconf 87' lang='lat' dir='ltr'>nomine</span> <span class='ocrx_word' id='word_1_62' title='bbox 969 1831 1091 1890; x_wconf 75' lang='lat' dir='ltr'>sancte</span> <span class='ocrx_word' id='word_1_63' title='bbox 1126 1832 1161 1889; x_wconf 87' lang='lat' dir='ltr'>et</span> <span class='ocrx_word' id='word_1_64' title='bbox 1188 1820 1393 1888; x_wconf 87' lang='lat' dir='ltr'>indiuidue</span> <span class='ocrx_word' id='word_1_65' title='bbox 1401 1818 1583 1888; x_wconf 73' lang='lat' dir='ltr'>trinitatis</span> <span class='ocrx_word' id='word_1_66' title='bbox 1638 1815 1784 1882; x_wconf 86' lang='lat' dir='ltr'>Heinri-</span> 
     </span>
    </p>
   </div>
   <div class='ocr_carea' id='block_1_5' title="bbox 346 1923 1877 3252">
    <p class='ocr_par' dir='ltr' id='par_1_5' title="bbox 346 1923 1877 3228">
     <span class='ocr_line' id='line_1_10' title="bbox 405 1923 1863 2025; baseline -0.004 -23"><span class='ocrx_word' id='word_1_67' title='bbox 405 1956 466 2002; x_wconf 87' lang='lat' dir='ltr'>cus</span> <span class='ocrx_word' id='word_1_68' title='bbox 492 1923 665 2025; x_wconf 81' lang='lat' dir='ltr'>septimus</span> <span class='ocrx_word' id='word_1_69' title='bbox 692 1935 815 2006; x_wconf 87' lang='lat' dir='ltr'>diuina</span> <span class='ocrx_word' id='word_1_70' title='bbox 839 1927 984 2005; x_wconf 82' lang='lat' dir='ltr'>fauente</span> <span class='ocrx_word' id='word_1_71' title='bbox 1020 1937 1212 2006; x_wconf 88' lang='lat' dir='ltr'>clementia</span> <span class='ocrx_word' id='word_1_72' title='bbox 1237 1939 1485 2004; x_wconf 84' lang='lat' dir='ltr'>Romanorum</span> <span class='ocrx_word' id='word_1_73' title='bbox 1509 1935 1596 2002; x_wconf 72' lang='lat' dir='ltr'>Rex&#39;</span> <span class='ocrx_word' id='word_1_74' title='bbox 1623 1941 1659 2000; x_wconf 89' lang='lat' dir='ltr'>et</span> <span class='ocrx_word' id='word_1_75' title='bbox 1685 1933 1780 1999; x_wconf 87' lang='lat' dir='ltr'>Sem·</span> <span class='ocrx_word' id='word_1_76' title='bbox 1858 1942 1863 1954; x_wconf 92' lang='grc'><strong><em>·</em></strong></span> 
     </span>
     <span class='ocr_line' id='line_1_11' title="bbox 403 2029 1877 2128; baseline -0.003 -25"><span class='ocrx_word' id='word_1_77' title='bbox 403 2057 470 2125; x_wconf 88' lang='lat' dir='ltr'>per</span> <span class='ocrx_word' id='word_1_78' title='bbox 495 2040 686 2126; x_wconf 76' lang='lat' dir='ltr'>Augustus.</span> <span class='ocrx_word' id='word_1_79' title='bbox 746 2037 845 2106; x_wconf 85' lang='lat' dir='ltr'>Sicut</span> <span class='ocrx_word' id='word_1_80' title='bbox 878 2037 914 2106; x_wconf 90' lang='lat' dir='ltr'>in</span> <span class='ocrx_word' id='word_1_81' title='bbox 952 2039 1118 2106; x_wconf 90' lang='lat' dir='ltr'>omnibus</span> <span class='ocrx_word' id='word_1_82' title='bbox 1147 2037 1292 2128; x_wconf 84' lang='lat' dir='ltr'>imperij</span> <span class='ocrx_word' id='word_1_83' title='bbox 1329 2037 1488 2126; x_wconf 80' lang='lat' dir='ltr'>negociis</span> <span class='ocrx_word' id='word_1_84' title='bbox 1520 2029 1779 2123; x_wconf 83' lang='lat' dir='ltr'>promouendis</span> <span class='ocrx_word' id='word_1_85' title='bbox 1875 2037 1877 2046; x_wconf 90' lang='lat'>&#39;</span> 
     </span>
     <span class='ocr_line' id='line_1_12' title="bbox 404 2131 1877 2230; baseline -0.001 -28"><span class='ocrx_word' id='word_1_86' title='bbox 404 2135 588 2226; x_wconf 82' lang='lat' dir='ltr'>&#39;principes</span> <span class='ocrx_word' id='word_1_87' title='bbox 615 2147 759 2206; x_wconf 86' lang='lat' dir='ltr'>nostros</span> <span class='ocrx_word' id='word_1_88' title='bbox 785 2137 1015 2208; x_wconf 84' lang='lat' dir='ltr'>coadiutores</span> <span class='ocrx_word' id='word_1_89' title='bbox 1042 2139 1217 2208; x_wconf 85' lang='lat' dir='ltr'>habemus</span> <span class='ocrx_word' id='word_1_90' title='bbox 1244 2147 1279 2206; x_wconf 90' lang='lat' dir='ltr'>et</span> <span class='ocrx_word' id='word_1_91' title='bbox 1306 2138 1408 2230; x_wconf 86' lang='lat' dir='ltr'>quasi</span> <span class='ocrx_word' id='word_1_92' title='bbox 1434 2137 1608 2204; x_wconf 82' lang='lat' dir='ltr'>coherens</span> <span class='ocrx_word' id='word_1_93' title='bbox 1642 2131 1782 2202; x_wconf 81' lang='lat' dir='ltr'>brachi.</span> <span class='ocrx_word' id='word_1_94' title='bbox 1875 2133 1877 2186; x_wconf 75' lang='grc' dir='ltr'>ἶ</span> 
     </span>
     <span class='ocr_line' id='line_1_13' title="bbox 404 2230 1877 2326; baseline -0.001 -20"><span class='ocrx_word' id='word_1_95' title='bbox 404 2259 465 2306; x_wconf 87' lang='lat' dir='ltr'>um</span> <span class='ocrx_word' id='word_1_96' title='bbox 493 2238 729 2326; x_wconf 71' lang='lat' dir='ltr'>imperatorie</span> <span class='ocrx_word' id='word_1_97' title='bbox 755 2237 963 2307; x_wconf 87' lang='lat' dir='ltr'>maiestatis.</span> <span class='ocrx_word' id='word_1_98' title='bbox 991 2239 1040 2306; x_wconf 89' lang='lat' dir='ltr'>ita</span> <span class='ocrx_word' id='word_1_99' title='bbox 1068 2250 1104 2306; x_wconf 87' lang='lat' dir='ltr'>et</span> <span class='ocrx_word' id='word_1_100' title='bbox 1128 2259 1194 2306; x_wconf 90' lang='lat' dir='ltr'>nos</span> <span class='ocrx_word' id='word_1_101' title='bbox 1221 2246 1386 2306; x_wconf 85' lang='lat' dir='ltr'>tenemur</span> <span class='ocrx_word' id='word_1_102' title='bbox 1410 2239 1474 2320; x_wconf 80' lang='lat' dir='ltr'>eos</span> <span class='ocrx_word' id='word_1_103' title='bbox 1498 2233 1699 2302; x_wconf 81' lang='lat' dir='ltr'>liberaiiter</span> <span class='ocrx_word' id='word_1_104' title='bbox 1725 2230 1782 2298; x_wconf 87' lang='lat' dir='ltr'>ad.</span> <span class='ocrx_word' id='word_1_105' title='bbox 1874 2273 1877 2304; x_wconf 80' lang='lat' dir='ltr'>t</span> 
     </span>
     <span class='ocr_line' id='line_1_14' title="bbox 404 2327 1877 2429; baseline -0.003 -26"><span class='ocrx_word' id='word_1_106' title='bbox 404 2335 532 2403; x_wconf 88' lang='lat' dir='ltr'>iuuare</span> <span class='ocrx_word' id='word_1_107' title='bbox 558 2335 770 2406; x_wconf 83' lang='lat' dir='ltr'>muneribus</span> <span class='ocrx_word' id='word_1_108' title='bbox 796 2348 831 2406; x_wconf 88' lang='lat' dir='ltr'>et</span> <span class='ocrx_word' id='word_1_109' title='bbox 856 2335 1041 2408; x_wconf 82' lang='lat' dir='ltr'>beneficiis</span> <span class='ocrx_word' id='word_1_110' title='bbox 1067 2339 1251 2429; x_wconf 78' lang='lat' dir='ltr'>ampliare.</span> <span class='ocrx_word' id='word_1_111' title='bbox 1303 2337 1439 2406; x_wconf 87' lang='lat' dir='ltr'>Notum</span> <span class='ocrx_word' id='word_1_112' title='bbox 1465 2333 1577 2428; x_wconf 83' lang='lat' dir='ltr'>igitur</span> <span class='ocrx_word' id='word_1_113' title='bbox 1604 2331 1684 2400; x_wconf 83' lang='lat' dir='ltr'>fieri</span> <span class='ocrx_word' id='word_1_114' title='bbox 1722 2351 1769 2398; x_wconf 89' lang='lat' dir='ltr'>uo</span> <span class='ocrx_word' id='word_1_115' title='bbox 1875 2327 1877 2336; x_wconf 43' lang='lat'><em>⁵</em></span> 
     </span>
     <span class='ocr_line' id='line_1_15' title="bbox 405 2431 1876 2534; baseline -0.003 -32"><span class='ocrx_word' id='word_1_116' title='bbox 405 2436 523 2504; x_wconf 83' lang='lat' dir='ltr'>lumus</span> <span class='ocrx_word' id='word_1_117' title='bbox 556 2433 734 2517; x_wconf 80' lang='lat' dir='ltr'>uniuersis</span> <span class='ocrx_word' id='word_1_118' title='bbox 757 2437 905 2528; x_wconf 86' lang='lat' dir='ltr'>Imperij</span> <span class='ocrx_word' id='word_1_119' title='bbox 936 2434 1105 2506; x_wconf 87' lang='lat' dir='ltr'>fidelibus</span> <span class='ocrx_word' id='word_1_120' title='bbox 1139 2442 1210 2506; x_wconf 85' lang='lat' dir='ltr'>tam</span> <span class='ocrx_word' id='word_1_121' title='bbox 1245 2437 1474 2534; x_wconf 80' lang='lat' dir='ltr'>presentibus</span> <span class='ocrx_word' id='word_1_122' title='bbox 1501 2439 1644 2529; x_wconf 79' lang='lat' dir='ltr'>quam</span> <span class='ocrx_word' id='word_1_123' title='bbox 1636 2431 1768 2499; x_wconf 82' lang='lat' dir='ltr'>futuris</span> <span class='ocrx_word' id='word_1_124' title='bbox 1875 2431 1876 2482; x_wconf 50' lang='lat' dir='ltr'>t</span> 
     </span>
     <span class='ocr_line' id='line_1_16' title="bbox 346 2531 1788 2630; baseline -0.002 -28"><span class='ocrx_word' id='word_1_125' title='bbox 346 2533 351 2540; x_wconf 83' lang='grc'><em>“</em></span> <span class='ocrx_word' id='word_1_126' title='bbox 405 2535 508 2627; x_wconf 83' lang='lat' dir='ltr'>quod</span> <span class='ocrx_word' id='word_1_127' title='bbox 528 2557 594 2604; x_wconf 89' lang='lat' dir='ltr'>nos</span> <span class='ocrx_word' id='word_1_128' title='bbox 612 2535 842 2608; x_wconf 86' lang='lat' dir='ltr'>attendentes</span> <span class='ocrx_word' id='word_1_129' title='bbox 867 2537 978 2606; x_wconf 84' lang='lat' dir='ltr'>multa</span> <span class='ocrx_word' id='word_1_130' title='bbox 1005 2549 1049 2606; x_wconf 86' lang='lat' dir='ltr'>et</span> <span class='ocrx_word' id='word_1_131' title='bbox 1064 2550 1167 2630; x_wconf 82' lang='lat' dir='ltr'>grata</span> <span class='ocrx_word' id='word_1_132' title='bbox 1200 2535 1355 2606; x_wconf 88' lang='lat' dir='ltr'>seruicia</span> <span class='ocrx_word' id='word_1_133' title='bbox 1389 2559 1460 2629; x_wconf 87' lang='lat' dir='ltr'>que</span> <span class='ocrx_word' id='word_1_134' title='bbox 1494 2534 1644 2624; x_wconf 79' lang='lat' dir='ltr'>dilectus</span> <span class='ocrx_word' id='word_1_135' title='bbox 1680 2531 1788 2621; x_wconf 74' lang='lat' dir='ltr'>pria*</span> 
     </span>
     <span class='ocr_line' id='line_1_17' title="bbox 405 2615 1781 2730; baseline 0 -28"><span class='ocrx_word' id='word_1_136' title='bbox 405 2655 490 2726; x_wconf 83' lang='lat' dir='ltr'>ceps</span> <span class='ocrx_word' id='word_1_137' title='bbox 515 2645 640 2706; x_wconf 79' lang='lat' dir='ltr'>noster</span> <span class='ocrx_word' id='word_1_138' title='bbox 665 2635 820 2713; x_wconf 80' lang='lat' dir='ltr'>sifridus</span> <span class='ocrx_word' id='word_1_139' title='bbox 845 2631 1060 2710; x_wconf 81' lang='lat' dir='ltr'>venerabilis</span> <span class='ocrx_word' id='word_1_140' title='bbox 1085 2639 1359 2730; x_wconf 84' lang='lat' dir='ltr'>Ratisponensis</span> <span class='ocrx_word' id='word_1_141' title='bbox 1388 2639 1580 2728; x_wconf 82' lang='lat' dir='ltr'>episcopus</span> <span class='ocrx_word' id='word_1_142' title='bbox 1605 2615 1781 2726; x_wconf 85' lang='lat' dir='ltr'>Imperia·</span> 
     </span>
     <span class='ocr_line' id='line_1_18' title="bbox 406 2733 1782 2832; baseline -0.001 -26"><span class='ocrx_word' id='word_1_143' title='bbox 406 2737 451 2806; x_wconf 86' lang='lat' dir='ltr'>iis</span> <span class='ocrx_word' id='word_1_144' title='bbox 477 2737 558 2805; x_wconf 87' lang='lat' dir='ltr'>aule</span> <span class='ocrx_word' id='word_1_145' title='bbox 585 2737 822 2808; x_wconf 78' lang='lat' dir='ltr'>canceltarius</span> <span class='ocrx_word' id='word_1_146' title='bbox 849 2733 1010 2830; x_wconf 72' lang='lat' dir='ltr'>glorioso</span> <span class='ocrx_word' id='word_1_147' title='bbox 1037 2739 1193 2832; x_wconf 80' lang='lat' dir='ltr'>genitori</span> <span class='ocrx_word' id='word_1_148' title='bbox 1220 2743 1356 2807; x_wconf 86' lang='lat' dir='ltr'>nostro</span> <span class='ocrx_word' id='word_1_149' title='bbox 1391 2739 1416 2806; x_wconf 83' lang='lat' dir='ltr'>f</span> <span class='ocrx_word' id='word_1_150' title='bbox 1443 2739 1691 2805; x_wconf 78' lang='lat' dir='ltr'>Romanorum</span> <span class='ocrx_word' id='word_1_151' title='bbox 1716 2738 1782 2804; x_wconf 86' lang='lat' dir='ltr'>im·</span> 
     </span>
     <span class='ocr_line' id='line_1_19' title="bbox 407 2835 1783 2956; baseline -0.001 -50"><span class='ocrx_word' id='word_1_152' title='bbox 407 2837 566 2927; x_wconf 84' lang='lat' dir='ltr'>peratori</span> <span class='ocrx_word' id='word_1_153' title='bbox 594 2859 738 2932; x_wconf 85' lang='lat' dir='ltr'>semper</span> <span class='ocrx_word' id='word_1_154' title='bbox 763 2844 925 2956; x_wconf 80' lang='lat' dir='ltr'>Augusto</span> <span class='ocrx_word' id='word_1_155' title='bbox 951 2843 1142 2909; x_wconf 86' lang='lat' dir='ltr'>ierusalem</span> <span class='ocrx_word' id='word_1_156' title='bbox 1168 2851 1205 2908; x_wconf 88' lang='lat' dir='ltr'>et</span> <span class='ocrx_word' id='word_1_157' title='bbox 1229 2839 1350 2907; x_wconf 80' lang='lat' dir='ltr'>Sicii‘te</span> <span class='ocrx_word' id='word_1_158' title='bbox 1377 2838 1486 2928; x_wconf 81' lang='lat' dir='ltr'>Regi,</span> <span class='ocrx_word' id='word_1_159' title='bbox 1523 2845 1559 2904; x_wconf 90' lang='lat' dir='ltr'>et</span> <span class='ocrx_word' id='word_1_160' title='bbox 1583 2835 1689 2904; x_wconf 91' lang='lat' dir='ltr'>nobis</span> <span class='ocrx_word' id='word_1_161' title='bbox 1719 2835 1783 2904; x_wconf 88' lang='lat' dir='ltr'>du·</span> 
     </span>
     <span class='ocr_line' id='line_1_20' title="bbox 407 2937 1784 3036; baseline -0.001 -31"><span class='ocrx_word' id='word_1_162' title='bbox 407 2937 492 3006; x_wconf 91' lang='lat' dir='ltr'>dum</span> <span class='ocrx_word' id='word_1_163' title='bbox 519 2939 683 3008; x_wconf 83' lang='lat' dir='ltr'>exhibuit</span> <span class='ocrx_word' id='word_1_164' title='bbox 707 2951 742 3007; x_wconf 90' lang='lat' dir='ltr'>et</span> <span class='ocrx_word' id='word_1_165' title='bbox 768 2939 991 3034; x_wconf 72' lang='lat' dir='ltr'>incessanter</span> <span class='ocrx_word' id='word_1_166' title='bbox 1015 2942 1146 3029; x_wconf 84' lang='lat' dir='ltr'>satagit</span> <span class='ocrx_word' id='word_1_167' title='bbox 1182 2939 1373 3023; x_wconf 82' lang='lat' dir='ltr'>exhibere,</span> <span class='ocrx_word' id='word_1_168' title='bbox 1412 2945 1599 3036; x_wconf 83' lang='lat' dir='ltr'>sperantes</span> <span class='ocrx_word' id='word_1_169' title='bbox 1632 2937 1784 3026; x_wconf 88' lang='lat' dir='ltr'>insuper</span> 
     </span>
     <span class='ocr_line' id='line_1_21' title="bbox 408 3025 1784 3130; baseline 0.001 -28"><span class='ocrx_word' id='word_1_170' title='bbox 408 3031 454 3103; x_wconf 89' lang='lat' dir='ltr'>ab</span> <span class='ocrx_word' id='word_1_171' title='bbox 482 3057 525 3105; x_wconf 88' lang='lat' dir='ltr'>eo</span> <span class='ocrx_word' id='word_1_172' title='bbox 553 3039 715 3128; x_wconf 86' lang='lat' dir='ltr'>recipere</span> <span class='ocrx_word' id='word_1_173' title='bbox 743 3025 914 3127; x_wconf 79' lang='lat' dir='ltr'>gratiora.</span> <span class='ocrx_word' id='word_1_174' title='bbox 941 3039 986 3106; x_wconf 92' lang='lat' dir='ltr'>de</span> <span class='ocrx_word' id='word_1_175' title='bbox 1011 3042 1134 3106; x_wconf 86' lang='lat' dir='ltr'>innata</span> <span class='ocrx_word' id='word_1_176' title='bbox 1150 3039 1277 3130; x_wconf 82' lang='lat' dir='ltr'>gratia</span> <span class='ocrx_word' id='word_1_177' title='bbox 1303 3047 1427 3108; x_wconf 85' lang='lat' dir='ltr'>nostra</span> <span class='ocrx_word' id='word_1_178' title='bbox 1446 3037 1723 3106; x_wconf 78' lang='lat' dir='ltr'>concessionem</span> <span class='ocrx_word' id='word_1_179' title='bbox 1749 3047 1784 3104; x_wconf 87' lang='lat' dir='ltr'>et</span> 
     </span>
     <span class='ocr_line' id='line_1_22' title="bbox 408 3133 1784 3252; baseline 0.001 -50"><span class='ocrx_word' id='word_1_180' title='bbox 408 3133 638 3203; x_wconf 85' lang='lat' dir='ltr'>donationem</span> <span class='ocrx_word' id='word_1_181' title='bbox 665 3137 837 3252; x_wconf 87' lang='lat' dir='ltr'>quamdiu</span> <span class='ocrx_word' id='word_1_182' title='bbox 862 3136 995 3208; x_wconf 88' lang='lat' dir='ltr'>uixerit</span> <span class='ocrx_word' id='word_1_183' title='bbox 1021 3139 1180 3206; x_wconf 89' lang='lat' dir='ltr'>omnium</span> <span class='ocrx_word' id='word_1_184' title='bbox 1216 3148 1456 3228; x_wconf 86' lang='lat' dir='ltr'>prouentuum</span> <span class='ocrx_word' id='word_1_185' title='bbox 1482 3137 1784 3207; x_wconf 83' lang='lat' dir='ltr'>Jurisdistionum</span> 
     </span>
    </p>
   </div>
   <div class='ocr_carea' id='block_1_6' title="bbox 308 3234 1784 3330">
    <p class='ocr_par' dir='ltr' id='par_1_6' title="bbox 308 3234 1784 3330">
     <span class='ocr_line' id='line_1_23' title="bbox 308 3234 1784 3330; baseline 0.001 -28"><span class='ocrx_word' id='word_1_186' title='bbox 308 3270 311 3278; x_wconf 93' lang='lat'>·</span> <span class='ocrx_word' id='word_1_187' title='bbox 409 3245 446 3302; x_wconf 87' lang='lat' dir='ltr'>et</span> <span class='ocrx_word' id='word_1_188' title='bbox 477 3234 703 3303; x_wconf 88' lang='lat' dir='ltr'>iusticiarum</span> <span class='ocrx_word' id='word_1_189' title='bbox 734 3236 894 3302; x_wconf 90' lang='lat' dir='ltr'>omnium</span> <span class='ocrx_word' id='word_1_190' title='bbox 920 3236 1118 3304; x_wconf 75' lang='lat' dir='ltr'>iudeorum</span> <span class='ocrx_word' id='word_1_191' title='bbox 1154 3236 1359 3330; x_wconf 87' lang='lat' dir='ltr'>degentium</span> <span class='ocrx_word' id='word_1_192' title='bbox 1396 3251 1431 3306; x_wconf 87' lang='lat' dir='ltr'>et</span> <span class='ocrx_word' id='word_1_193' title='bbox 1468 3237 1758 3306; x_wconf 86' lang='lat' dir='ltr'>habitantium</span> <span class='ocrx_word' id='word_1_194' title='bbox 1748 3260 1784 3304; x_wconf 87' lang='grc' dir='ltr'>ιιι</span> 
     </span>
    </p>
   </div>
   <div class='ocr_carea' id='block_1_7' title="bbox 370 3335 1819 4210">
    <p class='ocr_par' dir='ltr' id='par_1_7' title="bbox 370 3335 1819 4210">
     <span class='ocr_line' id='line_1_24' title="bbox 408 3335 1786 3430; baseline 0.003 -28"><span class='ocrx_word' id='word_1_195' title='bbox 408 3335 607 3424; x_wconf 79' lang='lat' dir='ltr'>Ratispona</span> <span class='ocrx_word' id='word_1_196' title='bbox 633 3356 713 3402; x_wconf 88' lang='lat' dir='ltr'>cum</span> <span class='ocrx_word' id='word_1_197' title='bbox 742 3336 840 3402; x_wconf 88' lang='lat' dir='ltr'>omni</span> <span class='ocrx_word' id='word_1_198' title='bbox 866 3337 950 3403; x_wconf 90' lang='lat' dir='ltr'>iure·</span> <span class='ocrx_word' id='word_1_199' title='bbox 961 3345 997 3403; x_wconf 91' lang='lat' dir='ltr'>et</span> <span class='ocrx_word' id='word_1_200' title='bbox 1017 3336 1223 3428; x_wconf 79' lang='lat' dir='ltr'>integritate</span> <span class='ocrx_word' id='word_1_201' title='bbox 1240 3337 1547 3430; x_wconf 76' lang='lat' dir='ltr'>quemadmodum</span> <span class='ocrx_word' id='word_1_202' title='bbox 1560 3337 1604 3406; x_wconf 88' lang='lat' dir='ltr'>ad</span> <span class='ocrx_word' id='word_1_203' title='bbox 1621 3347 1786 3406; x_wconf 82' lang='lat' dir='ltr'>nostram</span> 
     </span>
     <span class='ocr_line' id='line_1_25' title="bbox 411 3433 1819 3529; baseline 0.004 -27"><span class='ocrx_word' id='word_1_204' title='bbox 411 3445 447 3502; x_wconf 85' lang='lat' dir='ltr'>et</span> <span class='ocrx_word' id='word_1_205' title='bbox 472 3433 617 3524; x_wconf 86' lang='lat' dir='ltr'>Imperij</span> <span class='ocrx_word' id='word_1_206' title='bbox 645 3455 823 3503; x_wconf 82' lang='lat' dir='ltr'>cameram</span> <span class='ocrx_word' id='word_1_207' title='bbox 850 3446 1015 3526; x_wconf 87' lang='lat' dir='ltr'>spectare</span> <span class='ocrx_word' id='word_1_208' title='bbox 1041 3447 1237 3506; x_wconf 84' lang='lat' dir='ltr'>noscuntur</span> <span class='ocrx_word' id='word_1_209' title='bbox 1257 3450 1411 3529; x_wconf 83' lang='lat' dir='ltr'>gratam.</span> <span class='ocrx_word' id='word_1_210' title='bbox 1426 3449 1541 3506; x_wconf 83' lang='lat' dir='ltr'>ratam</span> <span class='ocrx_word' id='word_1_211' title='bbox 1558 3440 1734 3507; x_wconf 81' lang='lat' dir='ltr'>habemus</span> <span class='ocrx_word' id='word_1_212' title='bbox 1749 3449 1788 3506; x_wconf 86' lang='lat' dir='ltr'>et</span> <span class='ocrx_word' id='word_1_213' title='bbox 1817 3498 1819 3507; x_wconf 93' lang='lat'><em>.</em></span> 
     </span>
     <span class='ocr_line' id='line_1_26' title="bbox 408 3535 1790 3632; baseline 0.001 -30"><span class='ocrx_word' id='word_1_214' title='bbox 408 3536 561 3603; x_wconf 81' lang='lat' dir='ltr'>firmam.</span> <span class='ocrx_word' id='word_1_215' title='bbox 589 3536 811 3623; x_wconf 77' lang='lat' dir='ltr'>presentium</span> <span class='ocrx_word' id='word_1_216' title='bbox 833 3535 1047 3607; x_wconf 83' lang='lat' dir='ltr'>auctoritate</span> <span class='ocrx_word' id='word_1_217' title='bbox 1065 3537 1285 3614; x_wconf 81' lang='lat' dir='ltr'>Mandantes.</span> <span class='ocrx_word' id='word_1_218' title='bbox 1312 3549 1489 3632; x_wconf 77' lang='lat' dir='ltr'>quatenus</span> <span class='ocrx_word' id='word_1_219' title='bbox 1505 3538 1672 3608; x_wconf 85' lang='lat' dir='ltr'>ammodo</span> <span class='ocrx_word' id='word_1_220' title='bbox 1687 3539 1790 3606; x_wconf 87' lang='lat' dir='ltr'>nulla</span> 
     </span>
     <span class='ocr_line' id='line_1_27' title="bbox 409 3634 1789 3725; baseline 0.004 -25"><span class='ocrx_word' id='word_1_221' title='bbox 409 3653 566 3725; x_wconf 89' lang='lat' dir='ltr'>persona</span> <span class='ocrx_word' id='word_1_222' title='bbox 597 3634 762 3705; x_wconf 89' lang='lat' dir='ltr'>sublimis</span> <span class='ocrx_word' id='word_1_223' title='bbox 796 3636 856 3704; x_wconf 87' lang='lat' dir='ltr'>uel</span> <span class='ocrx_word' id='word_1_224' title='bbox 890 3635 1034 3706; x_wconf 85' lang='lat' dir='ltr'>humilis</span> <span class='ocrx_word' id='word_1_225' title='bbox 1069 3639 1308 3708; x_wconf 83' lang='lat' dir='ltr'>ecclesiastica</span> <span class='ocrx_word' id='word_1_226' title='bbox 1340 3639 1400 3708; x_wconf 89' lang='lat' dir='ltr'>uel</span> <span class='ocrx_word' id='word_1_227' title='bbox 1433 3639 1623 3708; x_wconf 83' lang='lat' dir='ltr'>mundana.</span> <span class='ocrx_word' id='word_1_228' title='bbox 1655 3647 1789 3706; x_wconf 86' lang='lat' dir='ltr'>contra</span> 
     </span>
     <span class='ocr_line' id='line_1_28' title="bbox 410 3734 1788 3829; baseline 0.004 -28"><span class='ocrx_word' id='word_1_229' title='bbox 410 3735 587 3824; x_wconf 85' lang='lat' dir='ltr'>presentis</span> <span class='ocrx_word' id='word_1_230' title='bbox 611 3734 815 3806; x_wconf 85' lang='lat' dir='ltr'>donationis</span> <span class='ocrx_word' id='word_1_231' title='bbox 843 3747 879 3805; x_wconf 91' lang='lat' dir='ltr'>et</span> <span class='ocrx_word' id='word_1_232' title='bbox 906 3737 1149 3808; x_wconf 82' lang='lat' dir='ltr'>concessionis</span> <span class='ocrx_word' id='word_1_233' title='bbox 1175 3749 1297 3806; x_wconf 85' lang='lat' dir='ltr'>nostre</span> <span class='ocrx_word' id='word_1_234' title='bbox 1323 3739 1495 3828; x_wconf 82' lang='lat' dir='ltr'>paginam</span> <span class='ocrx_word' id='word_1_235' title='bbox 1520 3739 1647 3808; x_wconf 84' lang='lat' dir='ltr'>uenire</span> <span class='ocrx_word' id='word_1_236' title='bbox 1659 3760 1788 3829; x_wconf 82' lang='lat' dir='ltr'>prasu-</span> 
     </span>
     <span class='ocr_line' id='line_1_29' title="bbox 410 3835 1787 3954; baseline 0.003 -55"><span class='ocrx_word' id='word_1_237' title='bbox 410 3843 495 3901; x_wconf 72' lang='lat' dir='ltr'>mat</span> <span class='ocrx_word' id='word_1_238' title='bbox 545 3835 651 3926; x_wconf 80' lang='lat' dir='ltr'>Quod</span> <span class='ocrx_word' id='word_1_239' title='bbox 676 3836 740 3927; x_wconf 89' lang='lat' dir='ltr'>qui</span> <span class='ocrx_word' id='word_1_240' title='bbox 766 3838 1036 3954; x_wconf 78' lang='lat' dir='ltr'>presumpserit.</span> <span class='ocrx_word' id='word_1_241' title='bbox 1062 3849 1185 3929; x_wconf 84' lang='lat' dir='ltr'>preter</span> <span class='ocrx_word' id='word_1_242' title='bbox 1211 3839 1380 3907; x_wconf 84' lang='lat' dir='ltr'>offensam</span> <span class='ocrx_word' id='word_1_243' title='bbox 1399 3849 1526 3908; x_wconf 83' lang='lat' dir='ltr'>nostre</span> <span class='ocrx_word' id='word_1_244' title='bbox 1542 3835 1723 3909; x_wconf 73' lang='lat' dir='ltr'>maiestati</span> <span class='ocrx_word' id='word_1_245' title='bbox 1740 3837 1787 3904; x_wconf 84' lang='grc' dir='ltr'>ιι</span> 
     </span>
     <span class='ocr_line' id='line_1_30' title="bbox 410 3933 1791 4055; baseline 0.006 -57"><span class='ocrx_word' id='word_1_246' title='bbox 410 3933 529 4000; x_wconf 81' lang='lat' dir='ltr'>iatam.</span> <span class='ocrx_word' id='word_1_247' title='bbox 556 3957 617 4004; x_wconf 84' lang='lat' dir='ltr'>xx.</span> <span class='ocrx_word' id='word_1_248' title='bbox 643 3935 754 4006; x_wconf 83' lang='lat' dir='ltr'>libras</span> <span class='ocrx_word' id='word_1_249' title='bbox 781 3936 860 4006; x_wconf 90' lang='lat' dir='ltr'>auri</span> <span class='ocrx_word' id='word_1_250' title='bbox 886 3937 968 4028; x_wconf 87' lang='lat' dir='ltr'>puri</span> <span class='ocrx_word' id='word_1_251' title='bbox 995 3960 1033 4006; x_wconf 86' lang='lat' dir='ltr'>se</span> <span class='ocrx_word' id='word_1_252' title='bbox 1067 3939 1352 4055; x_wconf 67' lang='lat' dir='ltr'>compositurum</span> <span class='ocrx_word' id='word_1_253' title='bbox 1386 3951 1570 4028; x_wconf 71' lang='lat' dir='ltr'>agnoscat</span> <span class='ocrx_word' id='word_1_254' title='bbox 1622 3941 1791 4037; x_wconf 78' lang='lat' dir='ltr'>Quarum</span> 
     </span>
     <span class='ocr_line' id='line_1_31' title="bbox 370 4031 1792 4146; baseline 0.004 -45"><span class='ocrx_word' id='word_1_255' title='bbox 370 4101 379 4127; x_wconf 35' lang='grc' dir='ltr'>ι</span> <span class='ocrx_word' id='word_1_256' title='bbox 410 4031 583 4105; x_wconf 74' lang='lat' dir='ltr'>medietas</span> <span class='ocrx_word' id='word_1_257' title='bbox 610 4035 759 4107; x_wconf 83' lang='lat' dir='ltr'>Camers</span> <span class='ocrx_word' id='word_1_258' title='bbox 784 4047 909 4110; x_wconf 75' lang='grc' dir='ltr'>ιιοιιιι</span> <span class='ocrx_word' id='word_1_259' title='bbox 935 4048 971 4108; x_wconf 89' lang='lat' dir='ltr'>at</span> <span class='ocrx_word' id='word_1_260' title='bbox 996 4038 1137 4146; x_wconf 86' lang='lat' dir='ltr'>reliqna</span> <span class='ocrx_word' id='word_1_261' title='bbox 1162 4037 1254 4130; x_wconf 87' lang='lat' dir='ltr'>parti</span> <span class='ocrx_word' id='word_1_262' title='bbox 1280 4059 1382 4129; x_wconf 85' lang='lat' dir='ltr'>passe</span> <span class='ocrx_word' id='word_1_263' title='bbox 1409 4039 1577 4110; x_wconf 80' lang='lat' dir='ltr'>iniuriam</span> <span class='ocrx_word' id='word_1_264' title='bbox 1599 4039 1792 4132; x_wconf 75' lang='lat' dir='ltr'>persolue-</span> 
     </span>
     <span class='ocr_line' id='line_1_32' title="bbox 1709 4150 1788 4210; baseline -0.059 -1"><span class='ocrx_word' id='word_1_265' title='bbox 1709 4150 1788 4210; x_wconf 76' lang='grc' dir='ltr'>ιιι</span> 
     </span>
    </p>
   </div>
   <div class='ocr_carea' id='block_1_8' title="bbox 0 0 1907 4722">
    <p class='ocr_par' dir='ltr' id='par_1_8' title="bbox 0 0 1907 4722">
     <span class='ocr_line' id='line_1_33' title="bbox 0 0 1907 4722; baseline 0 0"><span class='ocrx_word' id='word_1_266' title='bbox 0 0 1907 4722; x_wconf 95' lang='lat' dir='ltr'> </span> 
     </span>
    </p>
   </div>
  </div>
 </body>
</html>
