3804 4718
696 307 961 404 Authenticc.
1453 325 1511 427 (j'l

140 557 281 644 Regem
306 551 379 625 sibi
406 563 442 622 st
456 549 650 623 Dominum
666 549 843 622 benevole
859 560 969 646 etque
989 550 1220 627 coccos-dites
1234 549 1410 644 eligendo.
1429 573 1511 626 css·

141 653 281 724 suimus
305 674 370 724 eos
396 673 463 742 pec
488 672 579 744 quos
605 653 763 743 promoti
790 672 923 722 sumus.
937 673 1082 742 semper
1096 653 1374 744 promovendos.
1392 661 1427 721 et
1444 677 1511 745 pec

140 775 235 848 quos
259 753 395 822 firmati
419 773 554 820 sumus.
579 773 650 820 unc
668 773 750 842 cum
766 749 929 842 ipsorum
942 753 1114 822 Ecclesiis
1131 773 1275 842 semper
1291 747 1373 822 sose
1389 765 1512 824 nouus

139 849 354 924 defensione
376 861 503 922 contre
527 851 636 920 noxis
661 873 804 943 queque
823 849 1046 926 Finmsndos.
1099 852 1215 943 lgitus·
1230 851 1315 944 quic
1330 853 1368 922 in
1384 875 1510 924 eorum

137 953 350 1044 gravamina
376 949 531 1044 quedem
543 950 834 1021 consuetudines
857 961 894 1022 et
918 962 959 1020 ut
984 951 1105 1020 verius
1131 951 1291 1022 &cemus
1308 952 1510 1023 abusiones.

137 1074 185 1126 ex
212 1055 324 1142 longe
346 1049 619 1141 perturbatione
642 1045 799 1141 imperii.
826 1072 896 1142 que
922 1072 990 1141 per
1012 1047 1083 1120 ,Dei
1108 1052 1262 1142 gestium
1287 1073 1381 1122 nunc
1415 1054 1532 1144 quio.

137 1153 192 1222 vit
219 1162 258 1220 et
282 1149 454 1245 quiescet.
480 1149 705 1220 inoleverunt
727 1145 766 1219 in
790 1151 894 1221 novis
912 1149 1113 1220 Tbeloncis.
1139 1150 1179 1220 in
1193 1150 1358 1220 monetis.
1384 1173 1511 1243 queso

136 1250 297 1325 invicem
332 1271 379 1320 ex
405 1247 708 1320 similitudinibus
738 1249 938 1339 imsginum
973 1249 1162 1322 destruere
1188 1261 1449 1322 consueverunt
1472 1252 1510 1320 in

136 1345 286 1442 guerris
310 1349 567 1420 sdvocctorum
591 1359 628 1417 et
653 1348 731 1418 eliis
757 1351 861 1420 melis
888 1369 1043 1441 quocum
1059 1359 1201 1418 nonest
1217 1370 1398 1420 numerus.
1435 1350 1509 1419 Ste-

136 1450 228 1522 tntis
255 1447 469 1541 quibusdem
492 1446 629 1519 eisdem
653 1447 889 1519 abusionibus
914 1442 1150 1518 obviavimus.
1166 1449 1284 1540 primo
1301 1449 1511 1539 promitten·
1622 1532 1626 1543 .

136 1561 205 1622 tes.
234 1549 335 1640 quod
360 1571 544 1642 nunqussn
567 1547 739 1639 deinceps
765 1548 804 1616 iu
828 1557 946 1618 monte
972 1547 1181 1638 cuiusquam
1206 1549 1380 1640 principis
1400 1550 1511 1620 eccle

138 1648 277 1720 sisstici
291 1648 466 1741 reliquias
482 1647 667 1718 sussfisco
680 1647 962 1719 vindicabimus.
980 1647 1187 1716 inhibentes
1202 1649 1311 1718 etism
1323 1669 1369 1718 nc
1379 1647 1509 1721 bnicus

137 1750 336 1842 qnisquam
360 1749 482 1841 sliquo
506 1755 675 1840 pretextu
699 1747 769 1818 sibi
795 1767 855 1816 ecs
869 1747 1046 1819 vendicet.
1065 1745 1129 1817 sed
1144 1746 1272 1817 cedent
1291 1749 1510 1821 Successori.

135 1849 166 1918 si
193 1860 405 1920 antecessor
427 1847 616 1918 intestatus
641 1845 846 1919 decesserit.
872 1844 974 1935 cujus
999 1855 1254 1918 testcmentum
1269 1848 1302 1918 si
1315 1849 1413 1940 quod
1424 1849 1509 1942 inde

135 1949 282 2018 lecerit.
310 1949 476 2019 volumus
500 1965 579 2022 sese
604 1957 734 2018 cetum.
782 1947 872 2016 ltem
899 1965 995 2016 nove
1019 1947 1262 2018 thetnneset
1292 1969 1403 2020 noves
1435 1971 1510 2022 mo·

136 2057 247 2118 netce
279 2047 317 2116 in
348 2048 513 2138 ipsorum
544 2045 740 2118 territoriis
774 2046 849 2117 sive
869 2043 1192 2134 jurisdictionibus.
1219 2046 1271 2114 eis
1297 2046 1512 2124 inconsultis

135 2169 208 2220 seu
230 2147 438 2219 nolentibus
461 2167 536 2218 uon
561 2154 758 2216 stctuemus
784 2146 829 2216 de
855 2154 989 2216 cetero.
1015 2142 1080 2216 sed
1105 2144 1253 2238 entique
1276 2146 1459 2218 Tbelonee
1473 2159 1534 2228 et,

133 2246 221 2336 jus-s
246 2257 475 2318 munsterum
501 2255 629 2317 eorum
654 2245 816 2318 ecclesiis
841 2265 1022 2314 concesse.
1038 2244 1249 2315 inconvulse
1262 2255 1299 2314 et
1312 2245 1418 2317 firme
1429 2270 1511 2318 con·

136 2347 374 2418 servcbimus.
407 2355 444 2416 et
476 2345 670 2418 tuebimur.
706 2368 773 2416 nec
807 2339 878 2436 ipsi
912 2367 955 2416 es
987 2343 1239 2434 inlringcmus.
1265 2365 1332 2414 nec
1357 2347 1404 2417 sb
1428 2349 1509 2420 eliis

135 2446 213 2518 ledi
236 2447 499 2538 permittemus.
523 2445 641 2516 modis
665 2445 859 2540 sliquibus.
883 2454 1009 2536 utpote
1045 2453 1190 2514 monete
1227 2443 1367 2516 turbnri
1393 2457 1429 2517 et
1460 2449 1510 2517 vi·

134 2545 271 2624 liticsri
297 2548 449 2629 (solent)
475 2544 767 2616 similitudinibus
799 2545 1007 2636 imsginum.
1042 2545 1139 2637 quod
1171 2545 1318 2636 penitus
1342 2549 1511 2638 probibe-

114 2643 233 2717 mus.
284 2647 375 2716 Item
405 2645 572 2716 homines
600 2667 831 2738 quocumque
864 2667 999 2736 genens
1025 2645 1217 2716 servitutis
1241 2641 1330 2734 ipsis
1353 2649 1509 2720 eumen·

135 2757 203 2818 tes.
228 2767 445 2839 quecunque
470 2767 578 2816 censs
603 2767 643 2817 se
668 2745 715 2816 cb
739 2767 868 2816 cocum
892 2745 1076 2836 obsequiis
1102 2743 1348 2815 sliensvcrint.
1374 2741 1413 2813 in
1445 2769 1508 2818 no-

136 2846 224 2918 stris
250 2845 457 2918 civitatibus
483 2867 556 2917 non
580 2845 805 2937 cecepiemus
831 2845 1088 2938 (recipiemusl
1104 2845 1143 2912 in
1167 2863 1294 2912 eccum
1315 2841 1506 2934 preiudici·

138 2964 211 3016 um.
240 2954 278 3014 et
302 2946 399 3017 idem
422 2947 469 3016 sb
493 2945 583 3038 ipsis
609 2945 618 2962 '
647 2955 703 3016 tec
727 2966 766 3017 se
791 2944 916 3036 eisquc
941 2946 963 3014 t
987 2941 1104 3014 Laicis
1130 2941 1298 3012 omuibus
1324 2943 1507 3016 universe·

132 3043 224 3115 lites·
250 3048 418 3118 volumus
443 3045 641 3116 observem.
689 3046 778 3115 Item
805 3043 1012 3114 statuimus.
1037 3065 1084 3113 ne
1110 3041 1190 3135 quis
1224 3042 1415 3114 ecclesium
1445 3045 1507 3116 cli·

136 3166 249 3238 quem
272 3146 311 3215 in
334 3146 442 3217 bonis
467 3145 541 3216 suis
565 3145 798 3237 dempuiticet
823 3141 1012 3216 occasions
1035 3140 1201 3214 edvocsti
1226 3141 1425 3216 eorundem
1440 3143 1506 3215 bo·

134 3265 282 3314 norum.
315 3245 348 3316 si
380 3244 700 3337 dsmpnidcsvesit.
734 3243 930 3338 dampnum
963 3245 1003 3312 in
1040 3243 1153 3334 duplo
1184 3243 1364 3316 restituet.
1398 3253 1437 3314 et
1467 3245 1507 3318 0.

132 3345 277 3416 Merces
303 3346 445 3440 ecgenti
469 3347 621 3416 Comere
645 3353 771 3416 nostre
794 3345 920 3416 solvet.
969 3345 1060 3413 ltcm
1084 3343 1116 3410 si
1140 3341 1270 3434 uliquis
1284 3363 1413 3414 eorum
1425 3365 1506 3416 ves·
1611 3397 1613 3402 ·

134 3445 267 3516 sellum
289 3465 395 3515 suum
421 3443 484 3536 qui
510 3465 593 3516 eum
618 3443 714 3516 fonte
739 3442 898 3516 offendit.
922 3441 1004 3533 jure
1021 3441 1157 3510 leodsli
1171 3441 1390 3514 convenerit.
1405 3444 1506 3516 stuic

133 3539 286 3616 tendum
311 3544 473 3616 evicerit.
498 3544 588 3615 illud
614 3545 750 3630 (illum)
776 3541 850 3614 suis
873 3543 1002 3613 usibus
1026 3542 1218 3612 tuebimur.
1236 3551 1273 3613 st
1290 3542 1322 3612 si
1335 3543 1414 3633 ipss
1431 3543 1505 3616 tec·

134 3641 224 3714 dum
258 3642 304 3714 de
333 3644 432 3714 bons
465 3652 501 3714 ct
533 3639 678 3714 libecsli
709 3665 775 3715 suc
804 3644 990 3714 voluntste
1012 3641 1119 3712 nobis
1144 3641 1313 3713 conterre
1337 3645 1506 3716 voluerit.

133 3739 366 3834 recipiemus·
390 3765 515 3816 umore
540 3744 601 3815 vel
626 3743 710 3814 odio
735 3765 808 3814 non
825 3742 1004 3812 obstante.
1055 3743 1280 3839 Quocunque
1294 3752 1414 3814 sutem
1430 3765 1507 3816 mo·

134 3839 197 3913 do.
232 3841 308 3917 eive
341 3843 450 3914 etism
482 3865 529 3912 ex
560 3852 679 3914 morte
709 3841 884 3914 infeodati
907 3839 1065 3934 principi
1090 3841 1335 3914 ecclesisstico
1358 3841 1507 3914 feodum
1588 3925 1594 3932 ,

79 4007 91 4034 ,,
132 3941 286 4035 sliquod
309 3963 435 4014 eccere
460 3942 664 4035 contigerit.
689 3939 780 4011 illud
805 3943 1016 4014 suctocitste
1041 3943 1193 4034 propris
1220 3943 1336 4012 immo
1369 3942 1504 4014 violen-

117 4041 196 4112 tis.
218 4043 426 4114 nullatenus
450 4043 672 4116 incedemus.
696 4041 766 4113 nisi
791 4041 836 4112 de
859 4042 958 4116 bons
980 4043 1167 4116 voluntate
1189 4037 1406 4136 libenclique
1420 4061 1505 4115 con·

182 4161 249 4214 tes.
262 4163 331 4212 licic-
347 4165 405 4217 vet.
419 4167 486 4216 m.
502 4178 547 4215 sss
558 4163 706 4214 nouem
721 4175 797 4213 mss
810 4163 856 4211 ut.
1247 4152 1293 4222 13
