3746 4720
666 153 962 351 gnishentiee
1102 287 1105 293 -
1207 358 1211 366 Ι
1432 235 1526 340 W

154 434 361 576 ponant}
380 475 565 572 quatuor
589 477 730 544 autem
748 459 849 543 viris
861 500 873 562 ,·
903 437 1101 544 videlicet
1122 456 1374 566 Chonrado,
1404 461 1519 552 dicto

137 576 418 682 Hvrnloher,
450 595 492 661 et
519 575 667 664 Vlrico
693 575 806 661 dicto
831 574 1116 682 Claindienst,
1147 577 1331 683 civibus,
1360 579 1518 669 Davidi

14 713 16 766 ἰ
153 717 195 785 et
217 695 524 800 Liebermano,
553 693 754 800 iudeis,
742 692 921 808 miungit
939 692 1190 809 decernere,
1221 715 1426 810 quanttun
1449 699 1520 785 iu-

153 814 236 904 dci
251 812 461 916 extranei,
501 811 545 898 in
571 813 810 948 Augustam
838 841 884 898 se
918 813 1191 922 recipientes,
1235 813 1289 899 ad
1302 815 1518 932 praedic-

14 995 16 1052 ,
100 1027 102 1030 ,
152 954 242 1020 tum
272 950 461 1040 tempus,
491 930 582 1044 regi
613 931 832 1015 servitium
862 949 1097 1038 praestent3
1127 931 1352 1018 tuitionem
1382 953 1426 1021 et
1441 933 1518 1020 (ιιι

14 1069 15 1122 f
152 1050 389 1136 sensionem
426 1045 676 1182 iudeorum,
715 1050 932 1162 Augustae
971 1047 1272 1156 residentium,
1311 1049 1517 1169 advocato

151 1195 253 1276 suo,
279 1166 486 1302 magistro
519 1166 719 1300 civium,
730 1166 974 1251 consulibus
1002 1185 1045 1252 et
1072 1115 1366 1254 commuriitati
1389 1155 1516 1256 totius

174 1379 179 1389 ,
251 1284 427 1371 civitatis
460 1284 707 1388 committit,
739 1283 896 1396 quibus
924 1285 1150 1399 praecipit,
1179 1305 1228 1370 ut
1261 1286 1411 1374 iudeus
1500 1381 1501 1386 p

339 1420 486 1488 contra
517 1424 796 1516 quascunque
826 1400 1045 1489 violentias
1076 1401 1317 1490 defendant.

14 1717 15 1720 Ἴ
151 1566 393 1705 Chonnadus
420 1632 607 1702 Secundus
632 1629 690 1706 dei
717 1633 832 1725 gratia
862 1635 1065 1704 Jerusalem
1090 1645 1127 1706 et
1160 1635 1293 1728 Sycilie
1325 1633 1402 1704 Rex
1434 1638 1518 1705 Dux

150 1745 292 1816 Suenie
317 1747 503 1819 Uniuersis
529 1750 752 1840 presentium
768 1751 1045 1840 inspectoribus
1073 1749 1231 1819 Salutem
1256 1759 1292 1822 et
1321 1771 1428 1820 omne
1451 1749 1517 1818 bo·

149 1867 232 1916 nom
256 1848 402 1944 Quanto
432 1850 543 1942 igitur
570 1853 706 1921 maiora
741 1860 775 1918 et
803 1851 956 1920 clariora
981 1850 1134 1921 seruicia
1168 1871 1250 1920 euro
1282 1846 1381 1921 omui
1407 1847 1518 1920 fideli·

149 1955 216 2018 tate
241 1956 281 2018 et
307 1947 502 2020 deuotione
528 1949 653 2020 fideles
679 1960 714 2022 et
740 1946 864 2020 deuoti
889 1951 1005 2020 nostri
1033 1953 1138 2018 Ciues
1157 1953 1402 2042 Augusteum
1424 1947 1517 2020 diuis

148 2046 446 2139 progenitoribus
473 2051 606 2148 nostris
633 2051 873 2121 exhibuerunt
899 2061 936 2120 et
960 2051 1065 2120 nobis
1099 2050 1272 2121 exhibent
1305 2050 1517 2142 frequenter

147 2157 244 2218 tanto
270 2149 442 2238 ampliori
469 2151 609 2241 gratie
603 2160 741 2218 nostre
774 2147 1008 2239 prerogatiue
1041 2161 1077 2218 et
1109 2149 1258 2218 honoris
1292 2147 1516 2220 exhibitione

15 2275 21 2286 ·
149 2247 297 2318 Ciues
286 2269 388 2338 ipsos
420 2260 606 2339 gratanter
639 2251 811 2319 debemus
843 2251 1024 2320 honorare
1060 2249 1186 2319 fouere
1222 2259 1259 2317 et
1292 2269 1516 2344 promouere

148 2347 350 2440 Eapropter
374 2359 501 2418 notum
528 2371 605 2422 esse
631 2351 795 2440 cupimus
820 2351 1000 2420 vniuersis
1025 2348 1123 2442 quod
1149 2369 1216 2420 nos
1243 2371 1288 2417 ex
1311 2348 1517 2418 rationabili

151 2449 323 2538 petitione
348 2448 525 2518 dictorum
551 2450 710 2520 fidelium
733 2451 867 2520 ciuium
889 2460 1099 2521 nostrorum
1125 2449 1243 2520 Iudeis
1264 2450 1398 2520 nostris
1416 2471 1515 2541 spec·

14 2551 16 2564 '
152 2548 306 2624 tentibus
332 2547 378 2618 ιιι
404 2551 592 2622 Camarum
625 2551 833 2642 Mageetatis
869 2563 992 2620 nostre
1027 2573 1123 2620 nunc
1159 2549 1400 2625 residentibus
1433 2569 1515 2616 cnm

151 2645 232 2738 ipsis
254 2650 297 2726 in
323 2653 484 2739 Augusta
508 2653 601 2720 hanc
626 2650 777 2718 fecimus
804 2652 958 2770 gratiam
982 2651 1183 2764 specialem.
1223 2647 1401 2724 Omnibus
1420 2649 1516 2718 enim

152 2744 328 2835 seruitiis,
353 2751 487 2841 quibus
514 2749 618 2820 nobis
651 2768 698 2818 ex
728 2750 895 2819 debito
884 2751 974 2818 ruris
1008 2746 1079 2838 ipsi
1110 2748 1216 2817 Jndei
1249 2758 1334 2830 sunt
1365 2746 1517 2838 obligati

20 2843 37 2870 ’·
153 2847 354 2917 conditione
380 2849 588 2939 subscripta
600 2870 722 2943 nsque
735 2849 782 2919 ad
797 2844 893 2919 diem
910 2849 1113 2940 proximum
1141 2847 1257 2918 sancti
1275 2845 1400 2933 Georii
1419 2847 1514 2919 Mar·
1562 2901 1565 2912 .

153 2948 235 3039 tyria
261 2958 298 3018 et
324 2949 455 3018 abinde
480 2969 684 3040 perennes
709 2949 881 3042 quinque
903 2949 1094 3018 continuos
1119 2945 1245 3016 damus
1271 2958 1308 3016 et
1332 2946 1520 3016 reddimus

14 3071 17 3086 ’
153 3048 288 3136 penitus
316 3051 464 3118 solutos.
515 3049 586 3120 Pro
620 3052 688 3118 bac
719 3051 833 3141 igitur
862 3048 951 3140 ipsis
985 3049 1209 3118 exhibitione
1243 3048 1360 3139 gratie
1391 3056 1515 3122 nostre
1568 3045 1570 3050 ’

153 3155 330 3235 pretaxate
356 3151 460 3218 Anno
484 3150 606 3242 primo
632 3145 822 3250 Memorati
848 3149 947 3218 iudei
971 3150 1135 3240 Triginta
1152 3146 1263 3217 libras
1281 3145 1514 3218 denariorum

14 3287 15 3290 =
152 3249 425 3339 augustensium
454 3247 562 3320 nobis
591 3251 847 3340 persoluerunt
880 3261 916 3319 et
948 3249 993 3318 de
1025 3249 1179 3318 residuis
1213 3259 1371 3341 quatuor
1398 3248 1516 3332 annis,
1616 3261 1680 3300 ·'

97 3377 101 3387 ·
152 3349 312 3438 quolibet
349 3371 444 3419 anno
479 3349 605 3419 decem
623 3351 748 3420 libras
782 3351 1016 3420 denariorum
1049 3346 1348 3439 Augustensium,
1383 3351 1423 3418 ln
1456 3347 1515 3416 die

154 3446 268 3516 Sancti
294 3448 428 3538 Georij.
465 3452 614 3520 Camere
639 3463 767 3520 nostre
793 3451 961 3518 similiter
987 3458 1194 3540 conponent
1214 3457 1251 3520 et
1268 3447 1419 3520 ulterius
1445 3467 1515 3516 ma·

153 3547 204 3636 gis
229 3549 422 3619 seruieium
447 3552 652 3622 nullatenus
678 3551 725 3618 ab
749 3549 838 3642 ipsis
864 3550 950 3618 dum
983 3548 1027 3618 ad
1061 3559 1204 3640 tempus
1235 3547 1436 3640 predictum
1464 3569 1516 3616 re·

154 3647 294 3735 quirere
319 3651 488 3720 uolumus
515 3664 553 3722 et
577 3651 751 3720 debemus
778 3654 929 3741 Insuper
953 3650 990 3718 Si
1015 3647 1121 3719 Judei
1145 3643 1307 3718 extranei
1325 3670 1406 3736 curn
1430 3648 1515 3716 resi·

153 3743 268 3815 dentis
293 3749 523 3838 postmodum
550 3773 588 3822 se
616 3751 822 3841 receperint
847 3749 885 3817 in
911 3754 1072 3838 Augusta
1105 3749 1258 3819 arbitrio
1283 3745 1444 3816 fidelium
1478 3757 1515 3814 et

152 3841 360 3918 deuotorurn
385 3847 593 3920 nostro'rtirn
620 3847 789 3921 videlicet'
814 3851 995 3919 chunradi
1021 3849 1107 3920 dicti
1128 3845 1334 3918 Hvrnioher
1356 3856 1392 3914 et
1411 3845 1513 3916 vlrici

14 3971 16 3984 ·
154 3941 233 4015 dicti
258 3947 477 4022 Glaindienst
502 3954 662 4038 ciuium,
693 3951 853 4051 Davydit
878 3961 913 4022 et
938 3949 1169 4020 Liebermani
1191 3945 1394 4016 iudeorum
1430 3967 1512 4014 oon·
