3848 4738
542 315 548 332 '
628 311 644 384 l
757 326 882 439 episc.
912 325 1054 414 Pauv.
1105 411 1112 422 ,
1423 252 1428 270 ⁸
1505 335 1595 426 355
1646 425 1651 446 ¹

180 632 182 638 .
212 583 320 658 pum,
346 574 383 633 et
406 553 593 633 eccleciam
618 561 887 649 Patauieuaem,
912 559 1115 653 Priuilegys
1140 559 1389 654 libertatibus,
1427 561 1598 655 lucibus,

214 674 251 734 et
291 661 546 734 emunitatibus
579 672 617 732 et
652 663 819 750 indultis,
859 684 998 733 necnon
1036 663 1354 758 consuetudinibus
1387 667 1598 756 antedictis,

210 765 328 834 libere
355 761 446 848 frui,
471 763 680 855 et'pacificc
708 763 866 856 gaudere
892 763 1120 855 permittant,
1157 773 1194 834 el
1221 785 1283 833 eoa
1308 776 1434 834 contra
1458 769 1525 836 hec
1558 770 1596 838 in

211 867 310 933 nullo
337 884 486 954 prorsus
511 861 728 954 impediant,
755 866 813 934 vel
839 866 1066 934 consentiant
1092 885 1158 954 pec
1183 865 1389 957 quempiam
1416 865 1597 958 impediri,

208 965 285 1034 Sed
310 965 347 1032 in
374 964 634 1056 ciselamipsoa
661 973 919 1034 manuteneant
944 964 1155 1052 efficaciter,
1193 973 1229 1033 et
1260 963 1473 1053 defendant,
1506 970 1597 1037 Noc·

208 1066 275 1134 tria
301 1075 338 1134 el
363 1061 463 1134 Sacri
497 1067 660 1156 lmp'cry,
687 1076 731 1132 ct
764 1066 918 1134 aliorum
956 1064 1117 1150 iuribus,
1150 1064 1457 1154 semper'saluis‚
1496 1068 1596 1136 Nulli

208 1185 297 1256 ergo
325 1166 470 1238 omuino
497 1166 682 1234 bominum
707 1165 930 1234 liceatvhanc
956 1166 1128 1256 Paginam
1160 1176 1283 1235 nostre
1308 1162 1506 1258 Majeatatia
1541 1168 1595 1238 in·
1627 1173 1630 1187 '

204 1267 385 1356 fungere,
410 1267 475 1335 Vel
502 1266 534 1332 ei
561 1287 649 1335 ausu
676 1265 891 1352 temerario,
923 1266 1124 1352 contraire,
1157 1267 1226 1335 sub
1252 1289 1344 1358 pena
1378 1265 1596 1358 indignatio·
1654 1333 1657 1344 ,

208 1369 261 1436 nis
288 1367 423 1458 Regio,
450 1377 485 1434 et
509 1369 577 1436 sub
603 1388 695 1457 pena
722 1368 873 1436 Centum
899 1367 1133 1436 Mancharum
1158 1366 1237 1434 auri
1264 1367 1366 1457 puri,
1397 1388 1485 1458 quas
1513 1389 1595 1438 eon·

205 1467 419 1551 trasaciens,
446 1468 576 1552 tocies,
601 1466 768 1558 quocies,
793 1463 1052 1536 contrafactum
1078 1463 1206 1553 fuerit,
1236 1464 1316 1558 ipso
1341 1467 1442 1536 facto
1467 1489 1507 1537 se
1533 1490 1594 1538 no·

205 1570 300 1638 uenit
343 1565 644 1635 inremissibiliter
683 1568 924 1636 incurcurum.
976 1569 1137 1663 Quarum
1177 1567 1408 1636 medietatem
1446 1569 1594 1660 Regalis

204 1669 333 1759 Erany,
359 1668 549 1759 Reliquam
576 1689 664 1736 vero
689 1669 871 1757 Episcopo
897 1676 932 1736 et
954 1668 1115 1736 Ecclesia
1141 1667 1362 1738 Patanieusia
1387 1667 1511 1738 usibus
1536 1670 1595 1739 ‹le-

107 1773 112 1778 ’
206 1771 385 1838 cernimus
411 1764 596 1858 applicari,
621 1768 851 1838 Pceaencium
872 1766 1318 1859 aubRumancrumllegis
1344 1777 1467 1837 nostre
1482 1770 1593 1838 Maia·

205 1870 307 1938 atatis
336 1867 464 1958 signio
491 1855 699 1937 testimonio
727 1868 940 1938 litterarum.
976 1871 1108 1938 Datum
1134 1867 1289 1960 Pyeaca‚
1323 1870 1428 1938 anno
1454 1867 1592 1938 domini

203 1969 399 2038 Millaaimo
425 1969 704 2056 Trecentesimo,
736 1969 982 2059 octuagesimo
1007 1969 1138 2059 primo,
1165 1967 1362 2038 indictione
1388 1978 1526 2060 quarta.
1551 1971 1594 2038 ιιο

203 2067 381 2138 lialeudaa
407 2070 510 2158 May,
536 2068 747 2158 flagitorum
774 2079 1002 2156 nostrorum,
1034 2069 1202 2170 Boemia,
1236 2070 1340 2137 Anno
1366 2067 1508 2138 decimo
1533 2091 1595 2140 oc·

203 2179 308 2258 tauo,
335 2167 487 2240 Romani
515 2188 600 2240 veno
628 2166 767 2260 quintu
1603 2251 1608 2258 ,

878 2263 880 2270 ’
1105 2265 1203 2333 De
1246 2264 1415 2334 mandato
1454 2265 1591 2338 domini

1147 2364 1258 2456 Regia
1284 2364 1469 2436 conradus
1491 2368 1597 2460 Epic)

663 2517 679 2556 r
821 2512 824 2527 .
1146 2465 1262 2585 copus
1286 2462 1509 2540 Labicansia.

501 2835 565 2862 ²
672 2855 1119 3012 ccccxxxiv.

200 3110 300 3226 Gilg
326 3105 493 3196 Anveld
531 3103 713 3213 erklan,
752 3106 826 3197 fiir
865 3106 982 3192 scine
1020 3105 1250 3192 Dienste
1238 3133 1281 3190 m
1305 3095 1416 3192 der
1437 3103 1585 3196 Fehde

200 3229 276 3316 des
306 3225 501 3315 Bischofs
532 3225 738 3312 Albrecht
806 3255 912 3342 egen
943 3224 1024 3310 den
1059 3223 1221 3318 craten
1259 3253 1345 3310 von
1377 3225 1587 3314 Schaum-

197 3347 327 3462 berg,
372 3377 420 3432 so
470 3344 557 3430 wie
596 3255 915 3430 r'iicksicintlich
959 3344 1099 3428 seiner
1136 3341 1554 3458 Gelangenschaft
1541 3361 1585 3436 ιιι

199 3465 277 3550 dei·
306 3461 453 3550 Fehde
495 3461 570 3547 des
611 3457 807 3547 Bischofs
836 3460 1047 3547 lohannes
1087 3459 1200 3547 volle
1235 3459 1583 3580 Entsch'sidjgung
1618 3520 1655 3537 a

332 3633 343 3652 ι
450 3609 537 3666 von
566 3581 781 3667 Letztcrm
812 3564 1067 3695 empfangen
1096 3603 1151 3664 zu
1179 3576 1330 3666 haben.
1647 3609 1654 3616 ·

743 3809 842 3868 tibi.
894 3810 943 3864 t.
938 3799 1041 3883 May.

195 3891 277 4027 Ich
305 3952 403 4046 Gilig
428 3950 494 4023 dee
511 3945 836 4044 Anvelldlvergich
861 3951 932 4026 und
959 3963 1022 4024 tun
1049 3950 1168 4024 chuni
1194 3948 1379 4022 otienleich
1403 3950 1471 4021 mit
1497 3953 1579 4022 dem
1654 3910 1658 3917 .

194 4071 301 4144 Brief
321 4073 423 4144 allen
449 4069 520 4141 den
545 4068 582 4142 di
608 4068 646 4142 iu
671 4071 863 4158 ansshent,
888 4071 1020 4140 borant
1044 4067 1135 4140 oder
1159 4069 1296 4142 Leeeut
1317 4067 1456 4250 lXEpne
1482 4069 1579 4174 mich
1616 4129 1618 4134 ,
