<?xml version="1.0" encoding="UTF-8"?>
<!DOCTYPE html PUBLIC "-//W3C//DTD XHTML 1.0 Transitional//EN"
    "http://www.w3.org/TR/xhtml1/DTD/xhtml1-transitional.dtd">
<html xmlns="http://www.w3.org/1999/xhtml" xml:lang="en" lang="en">
 <head>
  <title>
</title>
<meta http-equiv="Content-Type" content="text/html;charset=utf-8" />
  <meta name='ocr-system' content='tesseract 3.04.00' />
  <meta name='ocr-capabilities' content='ocr_page ocr_carea ocr_par ocr_line ocrx_word'/>
</head>
<body>
  <div class='ocr_page' id='page_1' title='image "./monumentaboicae22landgoog_0504.png"; bbox 0 0 3856 4724; ppageno 0'>
   <div class='ocr_carea' id='block_1_1' title="bbox 198 279 1199 448">
    <p class='ocr_par' dir='ltr' id='par_1_1' title="bbox 198 279 1199 448">
     <span class='ocr_line' id='line_1_1' title="bbox 198 279 1199 448; baseline -0.011 -32"><span class='ocrx_word' id='word_1_1' title='bbox 198 319 271 348; x_wconf 71' lang='grc'><strong>’“</strong></span> <span class='ocrx_word' id='word_1_2' title='bbox 381 323 438 414; x_wconf 83' lang='grc'><strong>88</strong></span> <span class='ocrx_word' id='word_1_3' title='bbox 662 373 672 388; x_wconf 73' lang='lat'>=</span> <span class='ocrx_word' id='word_1_4' title='bbox 843 397 851 414; x_wconf 69' lang='grc'><strong>,</strong></span> <span class='ocrx_word' id='word_1_5' title='bbox 948 279 1199 448; x_wconf 70' lang='grc' dir='ltr'>ᾼιιῑιιιιιιίιι</span> 
     </span>
    </p>
   </div>
   <div class='ocr_carea' id='block_1_2' title="bbox 289 549 1784 2728">
    <p class='ocr_par' dir='ltr' id='par_1_2' title="bbox 289 549 1770 2728">
     <span class='ocr_line' id='line_1_2' title="bbox 385 549 1755 641; baseline -0.006 -18"><span class='ocrx_word' id='word_1_6' title='bbox 385 563 436 622; x_wconf 89' lang='lat' dir='ltr'><strong>est</strong></span> <span class='ocrx_word' id='word_1_7' title='bbox 466 551 622 619; x_wconf 87' lang='lat' dir='ltr'><strong>omnium</strong></span> <span class='ocrx_word' id='word_1_8' title='bbox 649 571 733 619; x_wconf 82' lang='lat' dir='ltr'><strong>veru</strong></span> <span class='ocrx_word' id='word_1_9' title='bbox 762 551 868 620; x_wconf 81' lang='lat' dir='ltr'><strong>satus.</strong></span> <span class='ocrx_word' id='word_1_10' title='bbox 920 552 1038 641; x_wconf 80' lang='lat' dir='ltr'><strong>Segax</strong></span> <span class='ocrx_word' id='word_1_11' title='bbox 1062 555 1215 622; x_wconf 81' lang='lat' dir='ltr'><strong>humens</strong></span> <span class='ocrx_word' id='word_1_12' title='bbox 1241 562 1367 634; x_wconf 76' lang='lat' dir='ltr'><strong>nature</strong></span> <span class='ocrx_word' id='word_1_13' title='bbox 1395 549 1575 634; x_wconf 89' lang='lat' dir='ltr'><strong>discretio,</strong></span> <span class='ocrx_word' id='word_1_14' title='bbox 1612 569 1755 618; x_wconf 82' lang='lat' dir='ltr'><strong>memo-</strong></span> 
     </span>
     <span class='ocr_line' id='line_1_3' title="bbox 384 651 1784 744; baseline -0.003 -26"><span class='ocrx_word' id='word_1_15' title='bbox 384 656 437 720; x_wconf 86' lang='lat' dir='ltr'><strong>rie</strong></span> <span class='ocrx_word' id='word_1_16' title='bbox 464 653 649 718; x_wconf 78' lang='lat' dir='ltr'><strong>hominurn</strong></span> <span class='ocrx_word' id='word_1_17' title='bbox 667 651 883 718; x_wconf 80' lang='lat' dir='ltr'><strong>&#39;tubititstem</strong></span> <span class='ocrx_word' id='word_1_18' title='bbox 911 663 1069 739; x_wconf 75' lang='lat' dir='ltr'><strong>pensata,</strong></span> <span class='ocrx_word' id='word_1_19' title='bbox 1096 675 1140 720; x_wconf 92' lang='lat' dir='ltr'><strong>ne</strong></span> <span class='ocrx_word' id='word_1_20' title='bbox 1167 673 1206 720; x_wconf 85' lang='lat' dir='ltr'><strong>es</strong></span> <span class='ocrx_word' id='word_1_21' title='bbox 1233 671 1303 744; x_wconf 85' lang='lat' dir='ltr'><strong>quc</strong></span> <span class='ocrx_word' id='word_1_22' title='bbox 1330 661 1507 741; x_wconf 83' lang='lat' dir='ltr'><strong>geruntur</strong></span> <span class='ocrx_word' id='word_1_23' title='bbox 1522 652 1557 716; x_wconf 92' lang='lat' dir='ltr'><strong>in</strong></span> <span class='ocrx_word' id='word_1_24' title='bbox 1577 659 1784 742; x_wconf 86' lang='lat' dir='ltr'><strong>tempore,</strong></span> 
     </span>
     <span class='ocr_line' id='line_1_4' title="bbox 384 748 1761 840; baseline -0.004 -19.991"><span class='ocrx_word' id='word_1_25' title='bbox 384 751 579 820; x_wconf 78' lang='lat' dir='ltr'><strong>Obliuionis</strong></span> <span class='ocrx_word' id='word_1_26' title='bbox 608 750 785 817; x_wconf 79' lang='lat' dir='ltr'><strong>defectum</strong></span> <span class='ocrx_word' id='word_1_27' title='bbox 804 751 1044 836; x_wconf 77' lang='lat' dir='ltr'><strong>subiecerent,</strong></span> <span class='ocrx_word' id='word_1_28' title='bbox 1071 748 1250 840; x_wconf 87' lang='lat' dir='ltr'><strong>scripture</strong></span> <span class='ocrx_word' id='word_1_29' title='bbox 1267 749 1490 820; x_wconf 83' lang='lat' dir='ltr'><strong>sdinuenerit</strong></span> <span class='ocrx_word' id='word_1_30' title='bbox 1505 749 1761 830; x_wconf 87' lang='lat' dir='ltr'><strong>ministerium,</strong></span> 
     </span>
     <span class='ocr_line' id='line_1_5' title="bbox 385 849 1759 948; baseline -0.002 -29"><span class='ocrx_word' id='word_1_31' title='bbox 385 875 451 942; x_wconf 91' lang='lat' dir='ltr'><strong>per</strong></span> <span class='ocrx_word' id='word_1_32' title='bbox 483 851 579 942; x_wconf 87' lang='lat' dir='ltr'><strong>quod</strong></span> <span class='ocrx_word' id='word_1_33' title='bbox 618 850 854 918; x_wconf 87' lang='lat' dir='ltr'><strong>discretorum</strong></span> <span class='ocrx_word' id='word_1_34' title='bbox 891 860 975 918; x_wconf 88' lang='lat' dir='ltr'><strong>vota</strong></span> <span class='ocrx_word' id='word_1_35' title='bbox 1009 851 1234 948; x_wconf 77' lang='lat' dir='ltr'><strong>scribuntur,</strong></span> <span class='ocrx_word' id='word_1_36' title='bbox 1272 861 1308 918; x_wconf 85' lang='lat' dir='ltr'><strong>et</strong></span> <span class='ocrx_word' id='word_1_37' title='bbox 1340 849 1518 938; x_wconf 87' lang='lat' dir='ltr'><strong>scripture</strong></span> <span class='ocrx_word' id='word_1_38' title='bbox 1545 849 1759 916; x_wconf 88' lang='lat' dir='ltr'><strong>ministerio</strong></span> 
     </span>
     <span class='ocr_line' id='line_1_6' title="bbox 385 947 1762 1041; baseline -0.003 -23"><span class='ocrx_word' id='word_1_39' title='bbox 385 950 613 1041; x_wconf 86' lang='lat' dir='ltr'><strong>postmodum</strong></span> <span class='ocrx_word' id='word_1_40' title='bbox 649 952 798 1038; x_wconf 82' lang='lat' dir='ltr'><strong>longum</strong></span> <span class='ocrx_word' id='word_1_41' title='bbox 835 951 1063 1018; x_wconf 88' lang='lat' dir='ltr'><strong>seruentur</strong></span> <span class='ocrx_word' id='word_1_42' title='bbox 1052 973 1090 1018; x_wconf 85' lang='grc' dir='ltr'><strong>ιιι</strong></span> <span class='ocrx_word' id='word_1_43' title='bbox 1117 971 1232 1018; x_wconf 81' lang='lat' dir='ltr'><strong>evum</strong></span> <span class='ocrx_word' id='word_1_44' title='bbox 1287 951 1376 1016; x_wconf 85' lang='lat' dir='ltr'><strong>Cum</strong></span> <span class='ocrx_word' id='word_1_45' title='bbox 1399 949 1512 1037; x_wconf 80' lang='lat' dir='ltr'><strong>igitur</strong></span> <span class='ocrx_word' id='word_1_46' title='bbox 1540 947 1730 1016; x_wconf 85' lang='lat' dir='ltr'><strong>ecciesis&#39;</strong></span> <span class='ocrx_word' id='word_1_47' title='bbox 1720 971 1762 1014; x_wconf 91' lang='grc' dir='ltr'><strong>ιιι</strong></span> 
     </span>
     <span class='ocr_line' id='line_1_7' title="bbox 385 1045 1760 1141; baseline -0.006 -24"><span class='ocrx_word' id='word_1_48' title='bbox 385 1047 590 1117; x_wconf 75' lang='lat' dir='ltr'><strong>irohonstot</strong></span> <span class='ocrx_word' id='word_1_49' title='bbox 616 1069 764 1115; x_wconf 84' lang='lat' dir='ltr'><strong>vnucum</strong></span> <span class='ocrx_word' id='word_1_50' title='bbox 792 1048 889 1115; x_wconf 83' lang='lat' dir='ltr'><strong>filioli</strong></span> <span class='ocrx_word' id='word_1_51' title='bbox 917 1048 1031 1118; x_wconf 75' lang='lat' dir='ltr'><strong>ems</strong></span> <span class='ocrx_word' id='word_1_52' title='bbox 1019 1072 1056 1114; x_wconf 88' lang='lat' dir='ltr'><strong>m</strong></span> <span class='ocrx_word' id='word_1_53' title='bbox 1077 1045 1304 1141; x_wconf 80' lang='lat' dir='ltr'><strong>yershot&#39;m,</strong></span> <span class='ocrx_word' id='word_1_54' title='bbox 1340 1047 1445 1118; x_wconf 88' lang='lat' dir='ltr'><strong>nobis</strong></span> <span class='ocrx_word' id='word_1_55' title='bbox 1473 1057 1509 1113; x_wconf 92' lang='lat' dir='ltr'><strong>et</strong></span> <span class='ocrx_word' id='word_1_56' title='bbox 1532 1045 1760 1114; x_wconf 84' lang='lat' dir='ltr'><strong>Moncsterio</strong></span> 
     </span>
     <span class='ocr_line' id='line_1_8' title="bbox 387 1145 1762 1262; baseline -0.004 -46"><span class='ocrx_word' id='word_1_57' title='bbox 387 1159 509 1219; x_wconf 87' lang='lat' dir='ltr'><strong>nostro</strong></span> <span class='ocrx_word' id='word_1_58' title='bbox 547 1149 731 1236; x_wconf 84' lang='lat' dir='ltr'><strong>predicto,</strong></span> <span class='ocrx_word' id='word_1_59' title='bbox 761 1147 935 1262; x_wconf 82' lang='lat' dir='ltr'><strong>quosd</strong></span> <span class='ocrx_word' id='word_1_60' title='bbox 923 1170 979 1216; x_wconf 78' lang='lat' dir='ltr'><strong>sus</strong></span> <span class='ocrx_word' id='word_1_61' title='bbox 1012 1157 1221 1237; x_wconf 89' lang='lat' dir='ltr'><strong>patronatus</strong></span> <span class='ocrx_word' id='word_1_62' title='bbox 1256 1158 1292 1216; x_wconf 90' lang='lat' dir='ltr'><strong>et</strong></span> <span class='ocrx_word' id='word_1_63' title='bbox 1324 1151 1466 1238; x_wconf 86' lang='lat' dir='ltr'><strong>plenam</strong></span> <span class='ocrx_word' id='word_1_64' title='bbox 1500 1145 1762 1234; x_wconf 69' lang='lat' dir='ltr'><strong>temporalium</strong></span> 
     </span>
     <span class='ocr_line' id='line_1_9' title="bbox 389 1237 1765 1337; baseline -0.004 -23"><span class='ocrx_word' id='word_1_65' title='bbox 389 1243 713 1315; x_wconf 78' lang='lat' dir='ltr'><strong>aministrscionem</strong></span> <span class='ocrx_word' id='word_1_66' title='bbox 742 1237 817 1316; x_wconf 85' lang='lat' dir='ltr'><strong>siue</strong></span> <span class='ocrx_word' id='word_1_67' title='bbox 845 1249 1124 1337; x_wconf 76' lang='lat' dir='ltr'><strong>perceptionem,</strong></span> <span class='ocrx_word' id='word_1_68' title='bbox 1150 1270 1195 1315; x_wconf 86' lang='lat' dir='ltr'><strong>ex</strong></span> <span class='ocrx_word' id='word_1_69' title='bbox 1220 1248 1336 1336; x_wconf 84' lang='lat' dir='ltr'><strong>gratia</strong></span> <span class='ocrx_word' id='word_1_70' title='bbox 1364 1241 1636 1316; x_wconf 85' lang='lat' dir='ltr'><strong>Honorshiiium</strong></span> <span class='ocrx_word' id='word_1_71' title='bbox 1665 1245 1765 1311; x_wconf 83' lang='lat' dir='ltr'><strong>viro·</strong></span> 
     </span>
     <span class='ocr_line' id='line_1_10' title="bbox 289 1344 1767 1438; baseline -0.005 -22"><span class='ocrx_word' id='word_1_72' title='bbox 289 1417 293 1424; x_wconf 81' lang='grc'><strong><em>,</em></strong></span> <span class='ocrx_word' id='word_1_73' title='bbox 388 1369 469 1416; x_wconf 88' lang='lat' dir='ltr'><strong>rum</strong></span> <span class='ocrx_word' id='word_1_74' title='bbox 507 1345 641 1415; x_wconf 88' lang='lat' dir='ltr'><strong>domini</strong></span> <span class='ocrx_word' id='word_1_75' title='bbox 669 1347 846 1436; x_wconf 79' lang='lat' dir='ltr'><strong>Meingoti</strong></span> <span class='ocrx_word' id='word_1_76' title='bbox 872 1347 1068 1438; x_wconf 87' lang='lat' dir='ltr'><strong>Prepositi,</strong></span> <span class='ocrx_word' id='word_1_77' title='bbox 1106 1347 1242 1415; x_wconf 89' lang='lat' dir='ltr'><strong>domini</strong></span> <span class='ocrx_word' id='word_1_78' title='bbox 1269 1347 1454 1438; x_wconf 80' lang='lat' dir='ltr'><strong>Meyngoti</strong></span> <span class='ocrx_word' id='word_1_79' title='bbox 1481 1344 1627 1428; x_wconf 88' lang='lat' dir='ltr'><strong>decani,</strong></span> <span class='ocrx_word' id='word_1_80' title='bbox 1668 1353 1767 1410; x_wconf 86' lang='lat' dir='ltr'><strong>cete-</strong></span> 
     </span>
     <span class='ocr_line' id='line_1_11' title="bbox 388 1443 1770 1537; baseline -0.007 -21"><span class='ocrx_word' id='word_1_81' title='bbox 388 1469 584 1537; x_wconf 88' lang='lat' dir='ltr'><strong>rorumque</strong></span> <span class='ocrx_word' id='word_1_82' title='bbox 612 1447 875 1516; x_wconf 89' lang='lat' dir='ltr'><strong>Canonicorum</strong></span> <span class='ocrx_word' id='word_1_83' title='bbox 902 1456 938 1514; x_wconf 85' lang='lat' dir='ltr'><strong>st</strong></span> <span class='ocrx_word' id='word_1_84' title='bbox 964 1446 1363 1537; x_wconf 74' lang='lat' dir='ltr'><strong>CapituliPntauiensis,</strong></span> <span class='ocrx_word' id='word_1_85' title='bbox 1392 1443 1584 1533; x_wconf 86' lang='lat' dir='ltr'><strong>sollempni</strong></span> <span class='ocrx_word' id='word_1_86' title='bbox 1610 1451 1770 1511; x_wconf 71' lang='lat' dir='ltr'><strong>tractatu</strong></span> 
     </span>
     <span class='ocr_line' id='line_1_12' title="bbox 319 1539 1768 1642; baseline -0.003 -30"><span class='ocrx_word' id='word_1_87' title='bbox 319 1631 322 1642; x_wconf 27' lang='lat'><strong><em>¹</em></strong></span> <span class='ocrx_word' id='word_1_88' title='bbox 390 1547 598 1635; x_wconf 68' lang='lat' dir='ltr'><strong>prehabito,</strong></span> <span class='ocrx_word' id='word_1_89' title='bbox 632 1567 723 1635; x_wconf 89' lang='lat' dir='ltr'><strong>pure</strong></span> <span class='ocrx_word' id='word_1_90' title='bbox 760 1555 795 1614; x_wconf 91' lang='lat' dir='ltr'><strong>et</strong></span> <span class='ocrx_word' id='word_1_91' title='bbox 831 1545 1043 1637; x_wconf 89' lang='lat' dir='ltr'><strong>simpliciter</strong></span> <span class='ocrx_word' id='word_1_92' title='bbox 1068 1556 1222 1636; x_wconf 90' lang='lat' dir='ltr'><strong>propter</strong></span> <span class='ocrx_word' id='word_1_93' title='bbox 1243 1546 1370 1630; x_wconf 90' lang='lat' dir='ltr'><strong>deum,</strong></span> <span class='ocrx_word' id='word_1_94' title='bbox 1406 1567 1448 1611; x_wconf 88' lang='lat' dir='ltr'><strong>ac</strong></span> <span class='ocrx_word' id='word_1_95' title='bbox 1471 1563 1519 1638; x_wconf 74' lang='lat' dir='ltr'><strong>ex</strong></span> <span class='ocrx_word' id='word_1_96' title='bbox 1543 1542 1659 1610; x_wconf 85' lang='lat' dir='ltr'><strong>causis</strong></span> <span class='ocrx_word' id='word_1_97' title='bbox 1685 1539 1768 1608; x_wconf 82' lang='lat' dir='ltr'><strong>aliis</strong></span> 
     </span>
     <span class='ocr_line' id='line_1_13' title="bbox 392 1639 1770 1736; baseline -0.005 -24"><span class='ocrx_word' id='word_1_98' title='bbox 392 1667 461 1736; x_wconf 88' lang='lat' dir='ltr'><strong>que</strong></span> <span class='ocrx_word' id='word_1_99' title='bbox 497 1644 534 1712; x_wconf 90' lang='lat' dir='ltr'><strong>in</strong></span> <span class='ocrx_word' id='word_1_100' title='bbox 567 1645 805 1712; x_wconf 86' lang='lat' dir='ltr'><strong>instrumento</strong></span> <span class='ocrx_word' id='word_1_101' title='bbox 840 1665 949 1734; x_wconf 88' lang='lat' dir='ltr'><strong>super</strong></span> <span class='ocrx_word' id='word_1_102' title='bbox 981 1649 1050 1714; x_wconf 86' lang='lat' dir='ltr'><strong>hoc</strong></span> <span class='ocrx_word' id='word_1_103' title='bbox 1076 1642 1242 1712; x_wconf 81' lang='lat' dir='ltr'><strong>confecto</strong></span> <span class='ocrx_word' id='word_1_104' title='bbox 1267 1644 1408 1733; x_wconf 90' lang='lat' dir='ltr'><strong>plenius</strong></span> <span class='ocrx_word' id='word_1_105' title='bbox 1434 1642 1682 1724; x_wconf 88' lang='lat' dir='ltr'><strong>continentur,</strong></span> <span class='ocrx_word' id='word_1_106' title='bbox 1719 1639 1770 1711; x_wconf 81' lang='lat' dir='ltr'><strong>sit</strong></span> 
     </span>
     <span class='ocr_line' id='line_1_14' title="bbox 392 1742 1768 1835; baseline -0.005 -24"><span class='ocrx_word' id='word_1_107' title='bbox 392 1746 541 1825; x_wconf 82' lang='lat' dir='ltr'><strong>donate,</strong></span> <span class='ocrx_word' id='word_1_108' title='bbox 576 1765 736 1828; x_wconf 86' lang='lat' dir='ltr'><strong>annexu,</strong></span> <span class='ocrx_word' id='word_1_109' title='bbox 769 1743 978 1832; x_wconf 80' lang='lat' dir='ltr'><strong>epropriatc</strong></span> <span class='ocrx_word' id='word_1_110' title='bbox 997 1765 1061 1812; x_wconf 88' lang='lat' dir='ltr'><strong>seu</strong></span> <span class='ocrx_word' id='word_1_111' title='bbox 1086 1743 1203 1828; x_wconf 65' lang='lat' dir='ltr'><strong>suita,</strong></span> <span class='ocrx_word' id='word_1_112' title='bbox 1231 1743 1419 1835; x_wconf 77' lang='lat' dir='ltr'><strong>eidemque</strong></span> <span class='ocrx_word' id='word_1_113' title='bbox 1445 1742 1609 1830; x_wconf 87' lang='lat' dir='ltr'><strong>Capituio</strong></span> <span class='ocrx_word' id='word_1_114' title='bbox 1636 1759 1768 1806; x_wconf 82' lang='lat' dir='ltr'><strong>census</strong></span> 
     </span>
     <span class='ocr_line' id='line_1_15' title="bbox 391 1841 1768 1934; baseline -0.006 -23"><span class='ocrx_word' id='word_1_115' title='bbox 391 1845 466 1912; x_wconf 89' lang='lat' dir='ltr'><strong>siue</strong></span> <span class='ocrx_word' id='word_1_116' title='bbox 492 1843 621 1910; x_wconf 84' lang='lat' dir='ltr'><strong>Pensio</strong></span> <span class='ocrx_word' id='word_1_117' title='bbox 657 1842 817 1934; x_wconf 88' lang='lat' dir='ltr'><strong>quinque</strong></span> <span class='ocrx_word' id='word_1_118' title='bbox 841 1842 1015 1910; x_wconf 84' lang='lat' dir='ltr'><strong>librarum</strong></span> <span class='ocrx_word' id='word_1_119' title='bbox 1040 1841 1319 1910; x_wconf 81' lang='lat' dir='ltr'><strong>Pettauiensium</strong></span> <span class='ocrx_word' id='word_1_120' title='bbox 1346 1843 1594 1923; x_wconf 89' lang='lat' dir='ltr'><strong>denariorum,</strong></span> <span class='ocrx_word' id='word_1_121' title='bbox 1635 1861 1680 1908; x_wconf 88' lang='lat' dir='ltr'><strong>ex</strong></span> <span class='ocrx_word' id='word_1_122' title='bbox 1705 1861 1768 1905; x_wconf 90' lang='lat' dir='ltr'><strong>an·</strong></span> 
     </span>
     <span class='ocr_line' id='line_1_16' title="bbox 391 1939 1768 2033; baseline -0.004 -25"><span class='ocrx_word' id='word_1_123' title='bbox 391 1945 492 2033; x_wconf 88' lang='lat' dir='ltr'><strong>tiquo</strong></span> <span class='ocrx_word' id='word_1_124' title='bbox 519 1951 555 2008; x_wconf 91' lang='lat' dir='ltr'><strong>et</strong></span> <span class='ocrx_word' id='word_1_125' title='bbox 580 1942 780 2032; x_wconf 85' lang='lat' dir='ltr'><strong>approbsta</strong></span> <span class='ocrx_word' id='word_1_126' title='bbox 805 1963 845 2010; x_wconf 90' lang='lat' dir='ltr'><strong>ac</strong></span> <span class='ocrx_word' id='word_1_127' title='bbox 872 1941 992 2030; x_wconf 82' lang='lat' dir='ltr'><strong>longis</strong></span> <span class='ocrx_word' id='word_1_128' title='bbox 1018 1941 1206 2010; x_wconf 89' lang='lat' dir='ltr'><strong>retroactis</strong></span> <span class='ocrx_word' id='word_1_129' title='bbox 1231 1944 1457 2031; x_wconf 82' lang='lat' dir='ltr'><strong>temporibus</strong></span> <span class='ocrx_word' id='word_1_130' title='bbox 1474 1939 1667 2008; x_wconf 81' lang='lat' dir='ltr'><strong>obseruata</strong></span> <span class='ocrx_word' id='word_1_131' title='bbox 1683 1957 1768 2005; x_wconf 90' lang='lat' dir='ltr'><strong>con-</strong></span> 
     </span>
     <span class='ocr_line' id='line_1_17' title="bbox 393 2038 1769 2121; baseline -0.004 -13"><span class='ocrx_word' id='word_1_132' title='bbox 393 2041 600 2121; x_wconf 84' lang='lat' dir='ltr'><strong>suetudine,</strong></span> <span class='ocrx_word' id='word_1_133' title='bbox 639 2064 660 2108; x_wconf 88' lang='lat' dir='ltr'><strong>a</strong></span> <span class='ocrx_word' id='word_1_134' title='bbox 695 2040 789 2109; x_wconf 86' lang='lat' dir='ltr'><strong>dicta</strong></span> <span class='ocrx_word' id='word_1_135' title='bbox 814 2042 975 2110; x_wconf 71' lang='lat' dir='ltr'><strong>Ecclesia</strong></span> <span class='ocrx_word' id='word_1_136' title='bbox 1007 2042 1044 2108; x_wconf 92' lang='lat' dir='ltr'><strong>in</strong></span> <span class='ocrx_word' id='word_1_137' title='bbox 1081 2041 1270 2110; x_wconf 85' lang='lat' dir='ltr'><strong>hohenstat</strong></span> <span class='ocrx_word' id='word_1_138' title='bbox 1305 2051 1340 2108; x_wconf 88' lang='lat' dir='ltr'><strong>et</strong></span> <span class='ocrx_word' id='word_1_139' title='bbox 1370 2042 1446 2108; x_wconf 88' lang='lat' dir='ltr'><strong>eius</strong></span> <span class='ocrx_word' id='word_1_140' title='bbox 1473 2039 1688 2108; x_wconf 87' lang='lat' dir='ltr'><strong>Recturibus</strong></span> <span class='ocrx_word' id='word_1_141' title='bbox 1720 2038 1769 2103; x_wconf 88' lang='lat' dir='ltr'><strong>sit</strong></span> 
     </span>
     <span class='ocr_line' id='line_1_18' title="bbox 394 2136 1768 2232; baseline -0.005 -23"><span class='ocrx_word' id='word_1_142' title='bbox 394 2143 520 2209; x_wconf 74' lang='lat' dir='ltr'><strong>soluta.</strong></span> <span class='ocrx_word' id='word_1_143' title='bbox 581 2137 744 2212; x_wconf 81' lang='lat' dir='ltr'><strong>Presenti</strong></span> <span class='ocrx_word' id='word_1_144' title='bbox 769 2141 902 2232; x_wconf 74' lang='lat' dir='ltr'><strong>pagina</strong></span> <span class='ocrx_word' id='word_1_145' title='bbox 928 2140 1145 2232; x_wconf 78' lang='lat' dir='ltr'><strong>spondemus</strong></span> <span class='ocrx_word' id='word_1_146' title='bbox 1170 2150 1206 2209; x_wconf 90' lang='lat' dir='ltr'><strong>et</strong></span> <span class='ocrx_word' id='word_1_147' title='bbox 1231 2136 1472 2231; x_wconf 79' lang='lat' dir='ltr'><strong>promittimus</strong></span> <span class='ocrx_word' id='word_1_148' title='bbox 1499 2159 1541 2205; x_wconf 85' lang='lat' dir='ltr'><strong>ac</strong></span> <span class='ocrx_word' id='word_1_149' title='bbox 1564 2137 1768 2204; x_wconf 85' lang='lat' dir='ltr'><strong>voluntarie</strong></span> 
     </span>
     <span class='ocr_line' id='line_1_19' title="bbox 383 2235 1770 2354; baseline -0.004 -48"><span class='ocrx_word' id='word_1_150' title='bbox 383 2239 624 2328; x_wconf 81' lang='lat' dir='ltr'><strong>profitemur,</strong></span> <span class='ocrx_word' id='word_1_151' title='bbox 650 2261 740 2309; x_wconf 86' lang='lat' dir='ltr'><strong>onus</strong></span> <span class='ocrx_word' id='word_1_152' title='bbox 768 2241 927 2331; x_wconf 79' lang='lat' dir='ltr'><strong>predicte</strong></span> <span class='ocrx_word' id='word_1_153' title='bbox 953 2263 1071 2310; x_wconf 89' lang='lat' dir='ltr'><strong>annue</strong></span> <span class='ocrx_word' id='word_1_154' title='bbox 1087 2241 1272 2310; x_wconf 87' lang='lat' dir='ltr'><strong>Pensionis</strong></span> <span class='ocrx_word' id='word_1_155' title='bbox 1299 2239 1342 2306; x_wconf 89' lang='lat' dir='ltr'><strong>de</strong></span> <span class='ocrx_word' id='word_1_156' title='bbox 1368 2239 1514 2354; x_wconf 82' lang='lat' dir='ltr'><strong>prefata</strong></span> <span class='ocrx_word' id='word_1_157' title='bbox 1526 2238 1686 2304; x_wconf 87' lang='lat' dir='ltr'><strong>Ecclesiu</strong></span> <span class='ocrx_word' id='word_1_158' title='bbox 1714 2235 1770 2301; x_wconf 84' lang='lat' dir='ltr'><strong>de·</strong></span> 
     </span>
     <span class='ocr_line' id='line_1_20' title="bbox 392 2330 1768 2429; baseline -0.006 -23"><span class='ocrx_word' id='word_1_159' title='bbox 392 2337 505 2406; x_wconf 90' lang='lat' dir='ltr'><strong>bite</strong></span> <span class='ocrx_word' id='word_1_160' title='bbox 494 2360 531 2405; x_wconf 88' lang='grc' dir='ltr'><strong>ιιι</strong></span> <span class='ocrx_word' id='word_1_161' title='bbox 557 2360 623 2408; x_wconf 87' lang='lat' dir='ltr'><strong>noo</strong></span> <span class='ocrx_word' id='word_1_162' title='bbox 650 2350 800 2429; x_wconf 89' lang='lat' dir='ltr'><strong>sponte</strong></span> <span class='ocrx_word' id='word_1_163' title='bbox 804 2363 846 2408; x_wconf 88' lang='lat' dir='ltr'><strong>ac</strong></span> <span class='ocrx_word' id='word_1_164' title='bbox 868 2339 965 2408; x_wconf 85' lang='lat' dir='ltr'><strong>bona</strong></span> <span class='ocrx_word' id='word_1_165' title='bbox 991 2341 1176 2407; x_wconf 73' lang='lat' dir='ltr'><strong>voluntate</strong></span> <span class='ocrx_word' id='word_1_166' title='bbox 1202 2339 1383 2428; x_wconf 78' lang='lat' dir='ltr'><strong>suscipere</strong></span> <span class='ocrx_word' id='word_1_167' title='bbox 1410 2349 1445 2406; x_wconf 91' lang='lat' dir='ltr'><strong>et</strong></span> <span class='ocrx_word' id='word_1_168' title='bbox 1458 2361 1494 2404; x_wconf 88' lang='lat' dir='ltr'><strong>m</strong></span> <span class='ocrx_word' id='word_1_169' title='bbox 1507 2330 1768 2404; x_wconf 83' lang='lat' dir='ltr'><strong>Monasterium</strong></span> 
     </span>
     <span class='ocr_line' id='line_1_21' title="bbox 326 2417 1770 2528; baseline -0.003 -26"><span class='ocrx_word' id='word_1_170' title='bbox 326 2487 333 2502; x_wconf 91' lang='lat'><em>.</em></span> <span class='ocrx_word' id='word_1_171' title='bbox 394 2448 558 2506; x_wconf 85' lang='lat' dir='ltr'><strong>nostrum</strong></span> <span class='ocrx_word' id='word_1_172' title='bbox 593 2439 814 2526; x_wconf 88' lang='lat' dir='ltr'><strong>predictum,</strong></span> <span class='ocrx_word' id='word_1_173' title='bbox 851 2417 1010 2528; x_wconf 75' lang='lat' dir='ltr'><strong>ipsisque</strong></span> <span class='ocrx_word' id='word_1_174' title='bbox 1036 2439 1189 2506; x_wconf 86' lang='lat' dir='ltr'><strong>dominis</strong></span> <span class='ocrx_word' id='word_1_175' title='bbox 1216 2438 1259 2505; x_wconf 91' lang='lat' dir='ltr'><strong>de</strong></span> <span class='ocrx_word' id='word_1_176' title='bbox 1287 2439 1453 2528; x_wconf 68' lang='lat' dir='ltr'><strong>capituto</strong></span> <span class='ocrx_word' id='word_1_177' title='bbox 1479 2446 1514 2503; x_wconf 88' lang='lat' dir='ltr'><strong>et</strong></span> <span class='ocrx_word' id='word_1_178' title='bbox 1540 2455 1665 2503; x_wconf 88' lang='lat' dir='ltr'><strong>eorum</strong></span> <span class='ocrx_word' id='word_1_179' title='bbox 1693 2451 1770 2501; x_wconf 88' lang='lat' dir='ltr'><strong>suc·</strong></span> 
     </span>
     <span class='ocr_line' id='line_1_22' title="bbox 395 2533 1769 2628; baseline -0.006 -22"><span class='ocrx_word' id='word_1_180' title='bbox 395 2535 619 2620; x_wconf 72' lang='lat' dir='ltr'><strong>censoribus,</strong></span> <span class='ocrx_word' id='word_1_181' title='bbox 654 2539 712 2606; x_wconf 89' lang='lat' dir='ltr'><strong>vet</strong></span> <span class='ocrx_word' id='word_1_182' title='bbox 739 2539 920 2606; x_wconf 85' lang='lat' dir='ltr'><strong>Ceternrio</strong></span> <span class='ocrx_word' id='word_1_183' title='bbox 947 2557 1073 2604; x_wconf 87' lang='lat' dir='ltr'><strong>eorum</strong></span> <span class='ocrx_word' id='word_1_184' title='bbox 1099 2537 1160 2628; x_wconf 88' lang='lat' dir='ltr'><strong>qui</strong></span> <span class='ocrx_word' id='word_1_185' title='bbox 1187 2557 1254 2627; x_wconf 89' lang='lat' dir='ltr'><strong>pro</strong></span> <span class='ocrx_word' id='word_1_186' title='bbox 1280 2547 1443 2627; x_wconf 87' lang='lat' dir='ltr'><strong>tempore</strong></span> <span class='ocrx_word' id='word_1_187' title='bbox 1469 2536 1578 2603; x_wconf 83' lang='lat' dir='ltr'><strong>fuerit</strong></span> <span class='ocrx_word' id='word_1_188' title='bbox 1605 2543 1666 2602; x_wconf 89' lang='lat' dir='ltr'><strong>aut</strong></span> <span class='ocrx_word' id='word_1_189' title='bbox 1692 2533 1769 2599; x_wconf 87' lang='lat' dir='ltr'><strong>eius</strong></span> 
     </span>
     <span class='ocr_line' id='line_1_23' title="bbox 354 2631 1768 2728; baseline -0.005 -24"><span class='ocrx_word' id='word_1_190' title='bbox 354 2660 359 2666; x_wconf 92' lang='lat'>·</span> <span class='ocrx_word' id='word_1_191' title='bbox 394 2635 491 2705; x_wconf 86' lang='lat' dir='ltr'><strong>vices</strong></span> <span class='ocrx_word' id='word_1_192' title='bbox 517 2633 678 2727; x_wconf 77' lang='lat' dir='ltr'><strong>gerenti,</strong></span> <span class='ocrx_word' id='word_1_193' title='bbox 704 2637 781 2708; x_wconf 83' lang='lat' dir='ltr'><strong>vice</strong></span> <span class='ocrx_word' id='word_1_194' title='bbox 808 2647 843 2705; x_wconf 93' lang='lat' dir='ltr'><strong>et</strong></span> <span class='ocrx_word' id='word_1_195' title='bbox 866 2637 1013 2705; x_wconf 89' lang='lat' dir='ltr'><strong>nomine</strong></span> <span class='ocrx_word' id='word_1_196' title='bbox 1040 2657 1165 2705; x_wconf 89' lang='lat' dir='ltr'><strong>eorum</strong></span> <span class='ocrx_word' id='word_1_197' title='bbox 1191 2634 1371 2726; x_wconf 82' lang='lat' dir='ltr'><strong>predictus</strong></span> <span class='ocrx_word' id='word_1_198' title='bbox 1397 2635 1556 2728; x_wconf 88' lang='lat' dir='ltr'><strong>quinque</strong></span> <span class='ocrx_word' id='word_1_199' title='bbox 1581 2633 1707 2716; x_wconf 86' lang='lat' dir='ltr'><strong>libras,</strong></span> <span class='ocrx_word' id='word_1_200' title='bbox 1731 2631 1768 2698; x_wconf 85' lang='lat' dir='ltr'><strong>in</strong></span> 
     </span>
    </p>
   </div>
   <div class='ocr_carea' id='block_1_3' title="bbox 395 2728 1925 2854">
    <p class='ocr_par' dir='ltr' id='par_1_3' title="bbox 395 2728 1925 2854">
     <span class='ocr_line' id='line_1_24' title="bbox 395 2728 1925 2854; baseline -0.004 -50"><span class='ocrx_word' id='word_1_201' title='bbox 395 2755 538 2804; x_wconf 87' lang='lat' dir='ltr'><strong>omnem</strong></span> <span class='ocrx_word' id='word_1_202' title='bbox 575 2748 763 2854; x_wconf 81' lang='lat' dir='ltr'><strong>euentum,</strong></span> <span class='ocrx_word' id='word_1_203' title='bbox 800 2737 948 2806; x_wconf 90' lang='lat' dir='ltr'><strong>semotis</strong></span> <span class='ocrx_word' id='word_1_204' title='bbox 981 2736 1147 2805; x_wconf 88' lang='lat' dir='ltr'><strong>omnibus</strong></span> <span class='ocrx_word' id='word_1_205' title='bbox 1173 2735 1428 2826; x_wconf 84' lang='lat' dir='ltr'><strong>inpedimentis</strong></span> <span class='ocrx_word' id='word_1_206' title='bbox 1450 2745 1558 2824; x_wconf 80' lang='lat' dir='ltr'><strong>utque</strong></span> <span class='ocrx_word' id='word_1_207' title='bbox 1582 2728 1766 2821; x_wconf 79' lang='lat' dir='ltr'><strong>periculis,</strong></span> <span class='ocrx_word' id='word_1_208' title='bbox 1801 2771 1805 2780; x_wconf 85' lang='lat'>·</span> <span class='ocrx_word' id='word_1_209' title='bbox 1924 2745 1925 2752; x_wconf 75' lang='grc'>’</span> 
     </span>
    </p>
   </div>
   <div class='ocr_carea' id='block_1_4' title="bbox 269 2829 1771 4124">
    <p class='ocr_par' dir='ltr' id='par_1_4' title="bbox 269 2829 1770 4124">
     <span class='ocr_line' id='line_1_25' title="bbox 396 2829 1770 2952; baseline -0.005 -48.901"><span class='ocrx_word' id='word_1_210' title='bbox 396 2835 548 2926; x_wconf 82' lang='lat' dir='ltr'><strong>siugulis</strong></span> <span class='ocrx_word' id='word_1_211' title='bbox 587 2837 689 2906; x_wconf 87' lang='lat' dir='ltr'><strong>annis</strong></span> <span class='ocrx_word' id='word_1_212' title='bbox 723 2838 760 2904; x_wconf 87' lang='lat' dir='ltr'><strong>in</strong></span> <span class='ocrx_word' id='word_1_213' title='bbox 794 2837 852 2904; x_wconf 88' lang='lat' dir='ltr'><strong>die</strong></span> <span class='ocrx_word' id='word_1_214' title='bbox 884 2837 986 2904; x_wconf 89' lang='lat' dir='ltr'><strong>Beati</strong></span> <span class='ocrx_word' id='word_1_215' title='bbox 1011 2837 1158 2904; x_wconf 75' lang='lat' dir='ltr'><strong>Martini</strong></span> <span class='ocrx_word' id='word_1_216' title='bbox 1184 2835 1423 2952; x_wconf 82' lang='lat' dir='ltr'><strong>Episcopi,</strong></span> <span class='ocrx_word' id='word_1_217' title='bbox 1412 2859 1449 2902; x_wconf 88' lang='lat' dir='ltr'><strong>m</strong></span> <span class='ocrx_word' id='word_1_218' title='bbox 1477 2833 1630 2900; x_wconf 73' lang='lat' dir='ltr'><strong>Ciuitate</strong></span> <span class='ocrx_word' id='word_1_219' title='bbox 1655 2829 1770 2898; x_wconf 90' lang='lat' dir='ltr'><strong>Patta·</strong></span> 
     </span>
     <span class='ocr_line' id='line_1_26' title="bbox 299 2928 1770 3030; baseline -0.005 -26"><span class='ocrx_word' id='word_1_220' title='bbox 299 2965 311 2980; x_wconf 62' lang='lat'>¹</span> <span class='ocrx_word' id='word_1_221' title='bbox 394 2937 531 3021; x_wconf 88' lang='lat' dir='ltr'><strong>uiensi,</strong></span> <span class='ocrx_word' id='word_1_222' title='bbox 560 2935 636 3004; x_wconf 89' lang='lat' dir='ltr'><strong>sine</strong></span> <span class='ocrx_word' id='word_1_223' title='bbox 663 2936 948 3005; x_wconf 74' lang='lat' dir='ltr'><strong>contradictione</strong></span> <span class='ocrx_word' id='word_1_224' title='bbox 975 2936 1133 3027; x_wconf 81' lang='lat' dir='ltr'><strong>quolibet</strong></span> <span class='ocrx_word' id='word_1_225' title='bbox 1159 2937 1354 3024; x_wconf 77' lang='lat' dir='ltr'><strong>assignare.</strong></span> <span class='ocrx_word' id='word_1_226' title='bbox 1396 2931 1509 3030; x_wconf 84' lang='lat' dir='ltr'><strong>Quod</strong></span> <span class='ocrx_word' id='word_1_227' title='bbox 1535 2930 1565 3000; x_wconf 90' lang='lat' dir='ltr'><strong>si</strong></span> <span class='ocrx_word' id='word_1_228' title='bbox 1591 2928 1691 3024; x_wconf 88' lang='lat' dir='ltr'><strong>quud</strong></span> <span class='ocrx_word' id='word_1_229' title='bbox 1711 2929 1770 2996; x_wconf 89' lang='lat' dir='ltr'><strong>ab·</strong></span> 
     </span>
     <span class='ocr_line' id='line_1_27' title="bbox 397 3031 1768 3147; baseline -0.004 -46"><span class='ocrx_word' id='word_1_230' title='bbox 397 3037 442 3102; x_wconf 87' lang='lat' dir='ltr'><strong>sit</strong></span> <span class='ocrx_word' id='word_1_231' title='bbox 475 3033 643 3147; x_wconf 81' lang='lat' dir='ltr'><strong>sepsistis</strong></span> <span class='ocrx_word' id='word_1_232' title='bbox 675 3033 829 3102; x_wconf 88' lang='lat' dir='ltr'><strong>dominis</strong></span> <span class='ocrx_word' id='word_1_233' title='bbox 856 3035 1046 3102; x_wconf 82' lang='lat' dir='ltr'><strong>canonicis</strong></span> <span class='ocrx_word' id='word_1_234' title='bbox 1073 3045 1108 3101; x_wconf 88' lang='lat' dir='ltr'><strong>et</strong></span> <span class='ocrx_word' id='word_1_235' title='bbox 1136 3057 1260 3101; x_wconf 86' lang='lat' dir='ltr'><strong>eorum</strong></span> <span class='ocrx_word' id='word_1_236' title='bbox 1287 3031 1574 3115; x_wconf 85' lang='lat' dir='ltr'><strong>successorihus,</strong></span> <span class='ocrx_word' id='word_1_237' title='bbox 1618 3041 1682 3097; x_wconf 83' lang='lat' dir='ltr'><strong>sut</strong></span> <span class='ocrx_word' id='word_1_238' title='bbox 1709 3049 1768 3096; x_wconf 88' lang='lat' dir='ltr'><strong>uo·</strong></span> 
     </span>
     <span class='ocr_line' id='line_1_28' title="bbox 396 3117 1769 3222; baseline -0.004 -24"><span class='ocrx_word' id='word_1_239' title='bbox 396 3132 493 3200; x_wconf 85' lang='lat' dir='ltr'><strong>mine</strong></span> <span class='ocrx_word' id='word_1_240' title='bbox 525 3117 689 3220; x_wconf 81' lang='lat' dir='ltr'><strong>ipsorum</strong></span> <span class='ocrx_word' id='word_1_241' title='bbox 716 3129 897 3200; x_wconf 87' lang='lat' dir='ltr'><strong>Cetersrio</strong></span> <span class='ocrx_word' id='word_1_242' title='bbox 925 3133 1078 3222; x_wconf 84' lang='lat' dir='ltr'><strong>Capituli</strong></span> <span class='ocrx_word' id='word_1_243' title='bbox 1111 3135 1166 3199; x_wconf 88' lang='lat' dir='ltr'><strong>vet</strong></span> <span class='ocrx_word' id='word_1_244' title='bbox 1200 3133 1278 3202; x_wconf 86' lang='lat' dir='ltr'><strong>eius</strong></span> <span class='ocrx_word' id='word_1_245' title='bbox 1312 3131 1410 3210; x_wconf 83' lang='lat' dir='ltr'><strong>vices</strong></span> <span class='ocrx_word' id='word_1_246' title='bbox 1445 3129 1604 3222; x_wconf 80' lang='lat' dir='ltr'><strong>¹gerenti,</strong></span> <span class='ocrx_word' id='word_1_247' title='bbox 1647 3149 1769 3217; x_wconf 90' lang='lat' dir='ltr'><strong>supra·</strong></span> 
     </span>
     <span class='ocr_line' id='line_1_29' title="bbox 398 3225 1768 3319; baseline -0.001 -23"><span class='ocrx_word' id='word_1_248' title='bbox 398 3225 492 3296; x_wconf 89' lang='lat' dir='ltr'><strong>dicta</strong></span> <span class='ocrx_word' id='word_1_249' title='bbox 517 3229 692 3314; x_wconf 86' lang='lat' dir='ltr'><strong>Pecunia,</strong></span> <span class='ocrx_word' id='word_1_250' title='bbox 730 3230 765 3295; x_wconf 93' lang='lat' dir='ltr'><strong>in</strong></span> <span class='ocrx_word' id='word_1_251' title='bbox 799 3232 895 3300; x_wconf 90' lang='lat' dir='ltr'><strong>dicto</strong></span> <span class='ocrx_word' id='word_1_252' title='bbox 929 3231 987 3298; x_wconf 88' lang='lat' dir='ltr'><strong>die</strong></span> <span class='ocrx_word' id='word_1_253' title='bbox 1013 3231 1112 3298; x_wconf 88' lang='lat' dir='ltr'><strong>Beati</strong></span> <span class='ocrx_word' id='word_1_254' title='bbox 1138 3232 1283 3306; x_wconf 71' lang='lat' dir='ltr'><strong>Martini</strong></span> <span class='ocrx_word' id='word_1_255' title='bbox 1318 3242 1378 3300; x_wconf 82' lang='lat' dir='ltr'><strong>cut</strong></span> <span class='ocrx_word' id='word_1_256' title='bbox 1410 3233 1449 3298; x_wconf 87' lang='lat' dir='ltr'><strong>in</strong></span> <span class='ocrx_word' id='word_1_257' title='bbox 1473 3231 1616 3319; x_wconf 78' lang='lat' dir='ltr'><strong>Septem</strong></span> <span class='ocrx_word' id='word_1_258' title='bbox 1643 3225 1768 3295; x_wconf 79' lang='lat' dir='ltr'><strong>diebus</strong></span> 
     </span>
     <span class='ocr_line' id='line_1_30' title="bbox 398 3325 1770 3421; baseline -0.001 -26"><span class='ocrx_word' id='word_1_259' title='bbox 398 3327 602 3396; x_wconf 85' lang='lat' dir='ltr'><strong>immediate</strong></span> <span class='ocrx_word' id='word_1_260' title='bbox 628 3330 860 3421; x_wconf 85' lang='lat' dir='ltr'><strong>sequentibus</strong></span> <span class='ocrx_word' id='word_1_261' title='bbox 885 3333 957 3398; x_wconf 86' lang='lat' dir='ltr'><strong>hoo·</strong></span> <span class='ocrx_word' id='word_1_262' title='bbox 979 3339 1031 3398; x_wconf 87' lang='lat' dir='ltr'><strong>est</strong></span> <span class='ocrx_word' id='word_1_263' title='bbox 1055 3330 1151 3399; x_wconf 77' lang='lat' dir='ltr'><strong>infre</strong></span> <span class='ocrx_word' id='word_1_264' title='bbox 1177 3330 1350 3415; x_wconf 88' lang='lat' dir='ltr'><strong>Octauas,</strong></span> <span class='ocrx_word' id='word_1_265' title='bbox 1386 3327 1566 3419; x_wconf 81' lang='lat' dir='ltr'><strong>assignata</strong></span> <span class='ocrx_word' id='word_1_266' title='bbox 1591 3347 1664 3395; x_wconf 88' lang='lat' dir='ltr'><strong>non</strong></span> <span class='ocrx_word' id='word_1_267' title='bbox 1690 3325 1770 3394; x_wconf 87' lang='lat' dir='ltr'><strong>fue-</strong></span> 
     </span>
     <span class='ocr_line' id='line_1_31' title="bbox 396 3424 1771 3522; baseline -0.003 -28"><span class='ocrx_word' id='word_1_268' title='bbox 396 3426 465 3512; x_wconf 84' lang='lat' dir='ltr'><strong>rit,</strong></span> <span class='ocrx_word' id='word_1_269' title='bbox 503 3437 634 3498; x_wconf 85' lang='lat' dir='ltr'><strong>extunc</strong></span> <span class='ocrx_word' id='word_1_270' title='bbox 669 3450 734 3499; x_wconf 88' lang='lat' dir='ltr'><strong>nos</strong></span> <span class='ocrx_word' id='word_1_271' title='bbox 771 3440 807 3498; x_wconf 92' lang='lat' dir='ltr'><strong>et</strong></span> <span class='ocrx_word' id='word_1_272' title='bbox 832 3429 1094 3500; x_wconf 88' lang='lat' dir='ltr'><strong>Mocasterium</strong></span> <span class='ocrx_word' id='word_1_273' title='bbox 1120 3439 1284 3500; x_wconf 86' lang='lat' dir='ltr'><strong>nostrum</strong></span> <span class='ocrx_word' id='word_1_274' title='bbox 1309 3451 1378 3522; x_wconf 92' lang='lat' dir='ltr'><strong>pro</strong></span> <span class='ocrx_word' id='word_1_275' title='bbox 1405 3430 1555 3520; x_wconf 86' lang='lat' dir='ltr'><strong>singulis</strong></span> <span class='ocrx_word' id='word_1_276' title='bbox 1581 3425 1673 3494; x_wconf 83' lang='lat' dir='ltr'><strong>Octo</strong></span> <span class='ocrx_word' id='word_1_277' title='bbox 1698 3424 1771 3491; x_wconf 90' lang='lat' dir='ltr'><strong>die-</strong></span> 
     </span>
     <span class='ocr_line' id='line_1_32' title="bbox 397 3523 1771 3620; baseline -0.004 -26"><span class='ocrx_word' id='word_1_278' title='bbox 397 3526 466 3594; x_wconf 86' lang='lat' dir='ltr'><strong>bus</strong></span> <span class='ocrx_word' id='word_1_279' title='bbox 501 3526 641 3596; x_wconf 83' lang='lat' dir='ltr'><strong>adiuta</strong></span> <span class='ocrx_word' id='word_1_280' title='bbox 665 3528 803 3598; x_wconf 91' lang='lat' dir='ltr'><strong>Octaua</strong></span> <span class='ocrx_word' id='word_1_281' title='bbox 828 3527 996 3599; x_wconf 88' lang='lat' dir='ltr'><strong>continue</strong></span> <span class='ocrx_word' id='word_1_282' title='bbox 1021 3531 1269 3616; x_wconf 70' lang='lat' dir='ltr'><strong>numerandis,</strong></span> <span class='ocrx_word' id='word_1_283' title='bbox 1309 3532 1415 3599; x_wconf 82' lang='lat' dir='ltr'><strong>vltrc</strong></span> <span class='ocrx_word' id='word_1_284' title='bbox 1411 3529 1460 3595; x_wconf 89' lang='lat' dir='ltr'><strong>id</strong></span> <span class='ocrx_word' id='word_1_285' title='bbox 1485 3525 1647 3620; x_wconf 76' lang='lat' dir='ltr'><strong>quodni</strong></span> <span class='ocrx_word' id='word_1_286' title='bbox 1672 3523 1771 3591; x_wconf 90' lang='lat' dir='ltr'><strong>Priu-</strong></span> 
     </span>
     <span class='ocr_line' id='line_1_33' title="bbox 400 3618 1767 3720; baseline -0.004 -26"><span class='ocrx_word' id='word_1_287' title='bbox 400 3623 507 3717; x_wconf 85' lang='lat' dir='ltr'><strong>cipali</strong></span> <span class='ocrx_word' id='word_1_288' title='bbox 541 3631 596 3695; x_wconf 87' lang='lat' dir='ltr'><strong>est</strong></span> <span class='ocrx_word' id='word_1_289' title='bbox 626 3625 794 3696; x_wconf 80' lang='lat' dir='ltr'><strong>videlicet</strong></span> <span class='ocrx_word' id='word_1_290' title='bbox 827 3629 987 3720; x_wconf 88' lang='lat' dir='ltr'><strong>quinque</strong></span> <span class='ocrx_word' id='word_1_291' title='bbox 1013 3629 1124 3698; x_wconf 84' lang='lat' dir='ltr'><strong>libros</strong></span> <span class='ocrx_word' id='word_1_292' title='bbox 1148 3629 1394 3720; x_wconf 78' lang='lat' dir='ltr'><strong>predictus,</strong></span> <span class='ocrx_word' id='word_1_293' title='bbox 1384 3618 1440 3696; x_wconf 90' lang='grc' dir='ltr'><strong>ιιι</strong></span> <span class='ocrx_word' id='word_1_294' title='bbox 1455 3650 1524 3696; x_wconf 89' lang='lat' dir='ltr'><strong>vna</strong></span> <span class='ocrx_word' id='word_1_295' title='bbox 1555 3625 1649 3693; x_wconf 83' lang='lat' dir='ltr'><strong>libre</strong></span> <span class='ocrx_word' id='word_1_296' title='bbox 1676 3644 1767 3714; x_wconf 84' lang='lat' dir='ltr'><strong>pene</strong></span> 
     </span>
     <span class='ocr_line' id='line_1_34' title="bbox 400 3721 1767 3818; baseline -0.006 -23"><span class='ocrx_word' id='word_1_297' title='bbox 400 3726 545 3796; x_wconf 87' lang='lat' dir='ltr'><strong>nomine</strong></span> <span class='ocrx_word' id='word_1_298' title='bbox 567 3725 770 3794; x_wconf 86' lang='lat' dir='ltr'><strong>tenebimur</strong></span> <span class='ocrx_word' id='word_1_299' title='bbox 794 3727 958 3816; x_wconf 81' lang='lat' dir='ltr'><strong>obligati.</strong></span> <span class='ocrx_word' id='word_1_300' title='bbox 1008 3731 1054 3794; x_wconf 89' lang='lat' dir='ltr'><strong>Et</strong></span> <span class='ocrx_word' id='word_1_301' title='bbox 1086 3729 1175 3796; x_wconf 89' lang='lat' dir='ltr'><strong>siin</strong></span> <span class='ocrx_word' id='word_1_302' title='bbox 1199 3729 1383 3800; x_wconf 83' lang='lat' dir='ltr'><strong>solucione</strong></span> <span class='ocrx_word' id='word_1_303' title='bbox 1406 3727 1589 3818; x_wconf 87' lang='lat' dir='ltr'><strong>pensionis</strong></span> <span class='ocrx_word' id='word_1_304' title='bbox 1608 3721 1767 3814; x_wconf 83' lang='lat' dir='ltr'><strong>predicte</strong></span> 
     </span>
     <span class='ocr_line' id='line_1_35' title="bbox 402 3825 1767 3916; baseline -0.005 -24"><span class='ocrx_word' id='word_1_305' title='bbox 402 3834 438 3892; x_wconf 89' lang='lat' dir='ltr'><strong>et</strong></span> <span class='ocrx_word' id='word_1_306' title='bbox 466 3826 542 3894; x_wconf 88' lang='lat' dir='ltr'><strong>eius</strong></span> <span class='ocrx_word' id='word_1_307' title='bbox 570 3845 662 3916; x_wconf 87' lang='lat' dir='ltr'><strong>pana</strong></span> <span class='ocrx_word' id='word_1_308' title='bbox 689 3845 756 3914; x_wconf 90' lang='lat' dir='ltr'><strong>per</strong></span> <span class='ocrx_word' id='word_1_309' title='bbox 781 3827 946 3916; x_wconf 90' lang='lat' dir='ltr'><strong>quinque</strong></span> <span class='ocrx_word' id='word_1_310' title='bbox 977 3825 1193 3898; x_wconf 72' lang='lat' dir='ltr'><strong>ebdomades</strong></span> <span class='ocrx_word' id='word_1_311' title='bbox 1227 3847 1466 3906; x_wconf 68' lang='lat' dir='ltr'><strong>cessaremus,</strong></span> <span class='ocrx_word' id='word_1_312' title='bbox 1500 3836 1631 3892; x_wconf 74' lang='lat' dir='ltr'><strong>extunc</strong></span> <span class='ocrx_word' id='word_1_313' title='bbox 1646 3839 1767 3892; x_wconf 79' lang='lat' dir='ltr'><strong>omnis</strong></span> 
     </span>
     <span class='ocr_line' id='line_1_36' title="bbox 400 3920 1765 4014; baseline -0.003 -27"><span class='ocrx_word' id='word_1_314' title='bbox 400 3923 521 4011; x_wconf 74' lang='lat' dir='ltr'><strong>grstia</strong></span> <span class='ocrx_word' id='word_1_315' title='bbox 550 3923 682 3994; x_wconf 87' lang='lat' dir='ltr'><strong>intuitu</strong></span> <span class='ocrx_word' id='word_1_316' title='bbox 707 3922 829 3993; x_wconf 78' lang='lat' dir='ltr'><strong>diuino</strong></span> <span class='ocrx_word' id='word_1_317' title='bbox 851 3925 1157 4006; x_wconf 70' lang='lat' dir='ltr'><strong>remuneracionis</strong></span> <span class='ocrx_word' id='word_1_318' title='bbox 1180 3929 1285 4000; x_wconf 82' lang='lat' dir='ltr'><strong>nohis</strong></span> <span class='ocrx_word' id='word_1_319' title='bbox 1309 3928 1403 3998; x_wconf 84' lang='lat' dir='ltr'><strong>faeta</strong></span> <span class='ocrx_word' id='word_1_320' title='bbox 1422 3935 1457 3994; x_wconf 89' lang='lat' dir='ltr'><strong>et</strong></span> <span class='ocrx_word' id='word_1_321' title='bbox 1479 3925 1535 4014; x_wconf 86' lang='lat' dir='ltr'><strong>jus</strong></span> <span class='ocrx_word' id='word_1_322' title='bbox 1553 3923 1589 3990; x_wconf 88' lang='lat' dir='ltr'><strong>in</strong></span> <span class='ocrx_word' id='word_1_323' title='bbox 1609 3920 1765 4014; x_wconf 86' lang='lat' dir='ltr'><strong>predicta</strong></span> 
     </span>
     <span class='ocr_line' id='line_1_37' title="bbox 269 4021 1768 4124; baseline -0.003 -34"><span class='ocrx_word' id='word_1_324' title='bbox 269 4069 274 4078; x_wconf 85' lang='lat'>-</span> <span class='ocrx_word' id='word_1_325' title='bbox 402 4021 564 4094; x_wconf 82' lang='lat' dir='ltr'><strong>Ecclesis</strong></span> <span class='ocrx_word' id='word_1_326' title='bbox 595 4034 811 4119; x_wconf 83' lang='lat' dir='ltr'><strong>conpetens,</strong></span> <span class='ocrx_word' id='word_1_327' title='bbox 844 4033 1033 4099; x_wconf 80' lang='lat' dir='ltr'><strong>censeatur</strong></span> <span class='ocrx_word' id='word_1_328' title='bbox 1064 4026 1145 4119; x_wconf 86' lang='lat' dir='ltr'><strong>ipsc</strong></span> <span class='ocrx_word' id='word_1_329' title='bbox 1173 4025 1268 4100; x_wconf 79' lang='lat' dir='ltr'><strong>iacto</strong></span> <span class='ocrx_word' id='word_1_330' title='bbox 1297 4027 1439 4098; x_wconf 85' lang='lat' dir='ltr'><strong>irritum</strong></span> <span class='ocrx_word' id='word_1_331' title='bbox 1464 4035 1501 4094; x_wconf 88' lang='lat' dir='ltr'><strong>et</strong></span> <span class='ocrx_word' id='word_1_332' title='bbox 1526 4025 1653 4124; x_wconf 78' lang='lat' dir='ltr'><strong>inane,</strong></span> <span class='ocrx_word' id='word_1_333' title='bbox 1685 4027 1716 4088; x_wconf 84' lang='lat' dir='ltr'><strong>et</strong></span> <span class='ocrx_word' id='word_1_334' title='bbox 1743 4039 1768 4086; x_wconf 91' lang='lat' dir='ltr'><strong>a</strong></span> 
     </span>
    </p>
   </div>
   <div class='ocr_carea' id='block_1_5' title="bbox 0 0 1943 4724">
    <p class='ocr_par' dir='ltr' id='par_1_5' title="bbox 0 0 1943 4724">
     <span class='ocr_line' id='line_1_38' title="bbox 0 0 1943 4724; baseline 0 0"><span class='ocrx_word' id='word_1_335' title='bbox 0 0 1943 4724; x_wconf 95' lang='lat' dir='ltr'><strong> </strong></span> 
     </span>
    </p>
   </div>
   <div class='ocr_carea' id='block_1_6' title="bbox 1924 2870 1932 4165">
    <p class='ocr_par' dir='ltr' id='par_1_6' title="bbox 1924 2870 1932 4165">
     <span class='ocr_line' id='line_1_39' title="bbox 1924 2870 1932 4165; baseline 0 0"><span class='ocrx_word' id='word_1_336' title='bbox 1924 2870 1932 4165; x_wconf 95' lang='lat' dir='ltr'><strong> </strong></span> 
     </span>
    </p>
   </div>
  </div>
 </body>
</html>
