3870 4718
581 323 586 332 '
638 343 642 356 ·
686 305 950 400 Authentica.
1044 383 1054 396 .
1458 322 1520 408 3¹!
1636 441 1641 446 Ι

154 561 189 622 st
225 546 328 619 cerie
361 553 496 616 nostre.
530 543 575 614 de
608 543 792 636 pnedictis
827 547 972 618 ciuitate
996 544 1166 618 uidelicet
1190 543 1459 639 Noerdelinpen
1485 561 1523 622 et

154 651 240 722 uilia
265 648 416 740 Ompov
442 666 524 716 cnm
548 646 778 736 prepositura
804 647 966 718 eiusdem
990 647 1073 716 loci.
1100 659 1138 717 et
1164 645 1208 714 de
1234 651 1433 737 pretaxatis
1447 671 1522 720 mo·

152 749 332 821 nasteriis.
358 769 440 818 cum
465 745 666 816 uenerabili
691 743 944 838 Ratisponensi
970 749 1141 838 episcopo
1160 747 1360 818 Chvnsado.
1389 747 1520 820 dilecto

153 847 423 944 consanguineo
446 854 583 916 nostro.
612 845 762 919 fecimus
781 908 782 911 ,
788 845 1092 936 permutationem
1110 855 1146 916 et
1167 848 1428 920 concambium.
1441 851 1521 941 ipse

152 951 250 1023 enim
283 947 475 1038 episcopus
509 945 691 1016 ciuitatem
717 946 986 1044 Noesdelingen
1020 958 1056 1020 et
1087 947 1210 1014 uillam
1243 945 1407 1036 Orngov.
1441 971 1524 1019 cnm

151 1048 385 1144 prepositura
408 1045 570 1115 eiusdem
592 1045 675 1114 loci.
701 1054 739 1114 et
763 1046 952 1123 aduocatis
975 1049 1164 1140 utriusque
1198 1067 1280 1114 cum
1312 1049 1411 1117 omni
1442 1049 1522 1122 iure

67 1169 70 1174 ·
151 1147 397 1243 proprietatis.
421 1147 514 1216 sicut
539 1145 690 1216 ecclesie
716 1167 780 1215 sue
806 1148 1038 1218 attinuerunt
1057 1146 1211 1236 imperio
1230 1146 1388 1216 donauit.
1406 1159 1443 1216 et
1455 1173 1521 1219 nos
1557 1129 1563 1159 ⁸

154 1265 364 1320 econuerso.
396 1247 458 1314 illa
489 1244 563 1315 dno
596 1245 755 1314 cenobia·
781 1248 991 1337 Ratispone.
1025 1242 1178 1316 inferius
1203 1246 1462 1321 monasterium
1488 1261 1525 1318 et
1662 1279 1666 1286 ·

153 1350 319 1440 superine
343 1345 613 1425 monesterium.
638 1343 851 1414 domuimus
878 1346 1027 1416 ecclesie
1044 1347 1310 1435 Batisponensi.
1336 1369 1418 1416 cum
1443 1368 1524 1438 pro-

155 1451 316 1541 prietate.
343 1458 451 1537 atque
475 1445 673 1514 aduocatis.
699 1455 735 1512 et
760 1445 929 1514 omnibus
954 1446 1165 1514 attinenciis.
1192 1454 1228 1512 et
1253 1467 1336 1514 cnm
1361 1449 1522 1517 omnies

4 1539 5 1544 ἵ
154 1552 232 1618 ines
257 1545 355 1640 quod
380 1542 574 1635 imperinm
597 1545 638 1612 in
662 1544 715 1614 eis
740 1545 875 1613 habuit.
902 1555 943 1614 nt
966 1546 1179 1615 necantibus
1204 1545 1364 1614 abbaciis
1390 1547 1428 1615 in
1445 1569 1538 1638 pse.

156 1649 259 1719 dictis
285 1645 524 1720 monasteriis.
550 1645 665 1714 electe
690 1644 854 1735 ipsorum
877 1645 1103 1738 temporalia.
1131 1654 1167 1712 et
1192 1644 1315 1713 omnia
1340 1645 1422 1716 iura
1441 1649 1523 1718 alia.

155 1771 225 1841 qne
258 1750 433 1816 hactenus
467 1739 712 1836 requisierunt
747 1743 792 1812 sb
818 1745 983 1836 imperio.
1009 1744 1179 1835 deinceps
1204 1755 1381 1836 perpetuo
1408 1749 1527 1840 sequi·

156 1858 238 1917 sant
263 1848 308 1914 ab
335 1845 488 1915 ecclesie
511 1844 775 1934 Ratisponensi.
805 1855 841 1914 et
867 1847 1058 1937 episcopus
1085 1843 1245 1916 eiusdem
1265 1843 1424 1924 ,ecclesie
1447 1849 1524 1940 qui·
1671 1895 1678 1906 ,

149 1968 310 2039 ¹consque
336 1957 424 2015 tunc
448 1943 559 2011 fuerit
584 1967 654 2034 pro
679 1954 856 2034 tempore.
883 1945 944 2012 illa
971 1944 1081 2015 donet
1107 1955 1143 2014 et
1168 1944 1330 2014 conferat
1355 1946 1431 2017 sine
1456 1945 1524 2018 irn-
1609 2005 1612 2014 .

155 2047 371 2138 pedimento.
396 2055 436 2113 vt
461 2052 579 2114 sutem
605 2045 672 2111 heo
697 2053 823 2114 nostra
847 2045 1064 2135 permutatio
1090 2053 1127 2113 et
1152 2045 1413 2118 concambium.
1447 2058 1526 2116 rata

154 2154 392 2240 permaneant
425 2143 463 2210 in
495 2151 722 2236 perpetuum.
750 2153 787 2212 et
811 2141 983 2236 deinceps
1012 2166 1079 2214 nec
1103 2165 1172 2236 pec
1197 2143 1431 2218 obliuionem.
1457 2169 1525 2215 nec

154 2271 221 2340 per
246 2244 486 2335 calumpniam
512 2243 723 2335 cuiusquam
749 2242 877 2314 cedere
902 2244 1042 2335 possint
1067 2245 1104 2312 in
1134 2244 1290 2312 irritum.
1317 2255 1526 2334 presentem

153 2348 336 2439 paginam.
363 2343 483 2434 sigillo
509 2351 631 2412 nostre
649 2341 857 2412 maiestatis.
881 2354 916 2414 et
938 2343 1194 2414 subnotatione
1212 2342 1357 2413 testium
1374 2339 1526 2417 fecimus
1555 2415 1558 2420 .

157 2446 334 2517 roboras-i.
369 2447 492 2512 Testes
514 2443 567 2511 hii
592 2452 686 2510 sunt.
714 2441 948 2514 Chvonradus
974 2445 1145 2515 metensis
1169 2454 1206 2513 et
1232 2444 1410 2534 Spirensis
1437 2447 1527 2538 epis-

157 2540 505 2638 copusimperialis
533 2545 613 2611 aule
639 2543 882 2613 cancellarius.
935 2544 1023 2615 Otto
1048 2543 1122 2614 dux
1148 2545 1320 2613 Meranie.
1369 2547 1526 2616 Chvnea·

157 2647 221 2716 dns
247 2643 469 2734 angrauins
503 2641 548 2710 de
574 2642 820 2712 erenbsrch.
860 2645 988 2736 Boppo
1023 2665 1145 2716 comcs
1177 2643 1222 2714 de
1248 2645 1525 2718 Hennenbercis.
1626 2679 1633 2688 ¹

158 2749 285 2816 Comes
318 2743 477 2812 albertus
510 2740 555 2810 de
580 2739 804 2812 Ebersteins.
857 2745 999 2813 Maricio
1034 2743 1079 2812 de
1105 2744 1237 2812 Baden.
1290 2744 1527 2816 Gebehardus

156 2843 393 2936 Lantgranins
420 2841 465 2910 de
488 2841 752 2930 Livkenberge.
785 2841 979 2911 Heius-icus
1005 2842 1049 2912 de
1066 2843 1198 2910 Niffen.
1233 2844 1455 2912 Wernhsrus
1481 2845 1526 2912 de

156 2946 284 3016 Laher.
309 2942 519 3014 Anshelmus
546 2941 766 3011 Marseaicus
792 2939 837 3008 de
861 2941 1054 3032 lestingen.
1082 2941 1277 3012 aduocatos
1302 2938 1346 3010 de
1366 2943 1526 3032 Repreh-

157 3046 359 3117 teswilaer..
389 3041 645 3110 Wolirammus
672 3052 714 3111 cts
733 3040 944 3112 Ghvnradus
974 3038 1107 3112 fratres
1144 3040 1189 3110 de
1214 3039 1525 3132 Kranehesperch.
1668 3123 1680 3138 „

158 3147 324 3214 Albestus
345 3141 587 3214 Rindesmovt.
616 3141 744 3212 Siboto
770 3140 815 3210 de
840 3144 1039 3216 Tanhvoen.
1066 3140 1298 3212 Ghvonradus
1323 3141 1367 3212 de
1383 3143 1525 3214 Werde.

160 3255 196 3314 et
220 3245 281 3314 alii
308 3261 417 3336 qnam
441 3244 599 3332 pinces-
1524 3287 1526 3295 ·

159 3428 346 3541 Signum.
383 3424 572 3511 nomini.
610 3367 841 3512 eredens.
877 3425 1186 3512 Romanorum.
1216 3401 1357 3539 Regis.
1387 3425 1519 3511 inuss-

176 3543 356 3650 'tissimi
388 3539 789 3659 (Monogrmnmc)
819 3541 1007 3630 secundi·
1041 3561 1095 3627 et.
1120 3543 1261 3657 Regio.
1291 3541 1483 3654 Syciliae.

255 3697 344 3814 Acta
368 3753 450 3816 sunt
475 3747 542 3815 hac
566 3760 662 3814 anno
687 3742 868 3816 dominice
892 3735 1165 3813 incarnationis.
1189 3740 1384 3812 M.CG.XV.
1414 3741 1529 3810 Indis·

157 3846 266 3915 tione.
282 3846 364 3932 [1111.
414 3849 507 3914 Data
520 3842 626 3935 ‘apud
652 3844 798 3934 Ege-am.
819 3855 890 3932 'pse
914 3863 1041 3912 manus
1068 3841 1260 3913 ehvnradi.
1293 3829 1468 3910 Metensis
1490 3852 1527 3911 et
1647 3863 1650 3868 ·
1763 3875 1772 3886 ,

158 3945 347 4114 {pyreneis
382 3945 544 4037 episcopi
575 3943 779 4035 imperialis
815 3944 896 4016 anis
911 3941 1139 4016 canceltarii.
1164 3939 1353 4014 sedecimo
1378 3939 1525 4008 Kalend.

182 4067 330 4120 ansarn.
1162 4081 1168 4090 ·
1323 4071 1326 4078 ·
