3870 4718
683 251 947 460 luthentica.
1472 329 1527 416 53
1587 382 1594 396 ,

160 568 195 626 et
220 554 500 624 omnebonum.
555 553 609 622 Ne
635 553 728 627 torte
754 577 808 644 ea,
835 579 906 650 que
932 572 1090 646 pernes
1117 549 1328 640 factasunt,
1354 573 1528 646 processu
1606 611 1613 620 .

160 651 333 747 temporie
358 660 578 724 reuocentur
602 654 640 721 in
665 655 834 742 dubium,
867 656 972 748 quasi
1004 675 1078 722 non
1109 651 1214 722 lacta.
1241 654 1343 724 iuxta
1368 655 1529 726 conside·

160 758 358 841 rationem,
392 753 542 844 (lignum
580 755 784 826 censuimus
810 777 852 824 ea
879 755 1023 847 scriptis
1049 753 1236 823 autenticis
1264 755 1527 826 commendare.

159 867 198 925 ut
222 857 254 924 si
282 855 326 924 de
351 853 420 923 hiis
447 851 596 944 incipiat
620 849 762 946 orsestio
784 855 957 927 suboriri.
983 853 1080 947 quod
1102 853 1238 922 sactum
1259 855 1323 938 eit,
1349 851 1529 947 scripture

158 955 365 1026 testimonio
392 955 647 1044 conprobetur.
696 954 751 1025 Ad
776 955 944 1025 notitiam
969 955 1082 1046 igitur
1107 954 1268 1023 omnium
1294 953 1530 1028 fideliumno·

158 1069 317 1126 atrorum
352 1053 575 1145 presentium
611 1063 647 1122 et
679 1052 886 1124 futurorum
911 1057 1083 1127 uolumus
1106 1053 1310 1145 peruenire.
1338 1053 1437 1146 quod
1462 1077 1529 1126 nos

159 1177 269 1225 unum
302 1152 346 1222 de
380 1153 503 1244 pueris
534 1151 649 1222 fidelis
674 1155 788 1224 nostri
815 1155 978 1246 Lodoyci
1004 1154 1047 1222 de
1074 1151 1284 1240 Stolberch,
1324 1152 1388 1244 qui
1413 1157 1530 1224 nostri

157 1253 409 1324 ministeriales
436 1262 519 1322 sunt
536 1253 759 1322 hereditarii.
810 1255 1010 1323 corradum
1031 1255 1189 1342 nomine,
1215 1252 1379 1322 dedimus
1400 1252 1530 1324 Sancto

158 1357 322 1445 llyliano.
350 1354 399 1424 ita
425 1362 465 1421 ut
489 1354 567 1443 ipse
593 1352 762 1422 decetero
787 1354 834 1422 sit
865 1350 1112 1422 ministerialis
1134 1353 1382 1446 Erblpolensis
1417 1355 1531 1424 eccle·
1588 1393 1594 1405 ‚

159 1456 219 1522 eie.
249 1465 287 1523 et
310 1453 491 1547 pertineat
516 1452 562 1520 acl
588 1449 743 1521 officium
768 1452 989 1543 dapiferatus
1015 1453 1129 1544 ipsius
1154 1448 1315 1522 ecclesie.
1355 1452 1530 1523 Dedimus

160 1575 303 1644 quoque
330 1554 398 1625 iam
426 1553 608 1621 licentiam
635 1561 670 1622 et
696 1553 948 1624 auctoritatem
973 1552 1112 1622 dilectis
1136 1550 1304 1622 fidelibus
1330 1554 1463 1623 uostris
1478 1553 1529 1623 Si-

158 1655 284 1723 botoni
310 1652 355 1721 tle
382 1653 501 1723 luden.
529 1663 565 1722 et
589 1653 776 1722 Friderico
802 1651 846 1723 de
873 1651 1152 1745 drulrindingen.
1177 1663 1218 1722 ut
1244 1646 1314 1743 ipsi
1332 1652 1530 1723 iandictum

160 1752 399 1835 (tamdictum)
427 1771 579 1843 puerum
597 1753 798 1822 Curradum
823 1753 961 1825 scilieet
984 1753 1130 1837 nomine
1155 1752 1269 1828 filium
1296 1753 1443 1825 iandleti
1461 1756 1530 1824 Lo-

160 1853 266 1943 doyci
292 1851 337 1924 de
363 1853 553 1922 Stolberch
580 1875 626 1922 ex
651 1864 754 1943 parte
781 1863 904 1924 nostra
930 1853 1083 1924 offerant
1108 1851 1212 1921 altari
1238 1852 1357 1922 Sancti
1386 1853 1531 1945 Hyliani

160 1954 306 2023 maioris
334 1953 484 2022 ecclesis
510 1949 549 2020 in
573 1952 768 2045 Erbipoly,
803 1954 1057 2028 sicutuerum
1090 1963 1127 2026 et
1158 1951 1293 2024 iusttrrn
1318 1953 1532 2024 ministeria-

159 2055 242 2120 lem.
296 2053 412 2122 Huins
437 2047 491 2122 rei
516 2060 626 2124 testes
652 2062 747 2122 sunt.
799 2054 995 2146 Lodoycus
1021 2053 1095 2122 dux
1118 2049 1300 2137 bawarie,
1327 2054 1455 2124 Comes
1473 2059 1532 2124 Al·

158 2153 285 2220 bertus
310 2152 354 2220 de
370 2153 583 2242 Ebersteyn.
637 2153 858 2224 Guarnerius
883 2155 929 2226 de
955 2153 1077 2222 bollan
1096 2150 1340 2239 (Bouiantlia),
1357 2157 1532 2223 senescal-

163 2273 223 2320 cus
238 2251 396 2341 imperii,
424 2261 459 2320 et
475 2253 661 2344 Philippus
685 2253 800 2326 frater
822 2276 919 2324 suus.
972 2255 1151 2324 Walterus
1166 2252 1212 2322 de
1226 2252 1314 2342 Slpb
1334 2252 1528 2344 [Schiple),

9 2375 13 2388 =
84 2385 91 2393 ·
163 2353 345 2442 pincerna.
365 2349 541 2421 ulbertus
555 2352 599 2422 de
614 2351 725 2422 tieien
745 2353 935 2438 mittens).
963 2352 1153 2440 Heurious,
1178 2352 1352 2446 magister
1365 2347 1530 2448 Coquins

162 2451 204 2518 de
232 2451 431 2538 rotinburc,
458 2451 494 2519 'et
513 2453 574 2520 alii
602 2455 870 2544 quamplures.
923 2456 970 2526 Vt
996 2462 1115 2526 antem
1140 2455 1208 2524 boo
1232 2462 1359 2525 nostra
1382 2453 1530 2524 donatio

162 2561 336 2644 perpetue
361 2551 540 2623 firmitatis
565 2555 682 2622 robor
706 2553 881 2644 optineat,
908 2555 978 2624 lroa
1002 2573 1154 2647 presens
1178 2564 1217 2624 et
1242 2553 1461 2636 autenticum
1478 2555 1532 2626 in·

162 2660 399 2720 strumentum
426 2652 606 2722 conscribi
631 2653 810 2722 iussimus.
831 2663 873 2729 ,et
897 2654 1018 2745 sigillo
1041 2665 1170 2724 nostro
1184 2652 1422 2722 'communiri
1463 2657 1532 2723 Da·

163 2761 238 2818 tum
263 2747 479 2846 Aquisgpani
505 2755 607 2822 Anno
639 2751 820 2825 dominice
852 2753 1113 2823 incarnationis
1144 2753 1339 2824 Millesimo
1364 2750 1531 2824 ducente-

165 2849 253 2920 simo
280 2850 558 2944 quintodecimo.
587 2851 714 2945 punto
739 2851 917 2922 llalenslss
942 2852 1115 2943 Augusti,
1143 2853 1249 2922 tertie
1264 2849 1494 2922 indictionis.

225 3059 259 3134 a)
284 3053 436 3143 Sigillum
461 3054 597 3124 stactam
624 3069 672 3124 est
697 3068 728 3121 et
753 3055 894 3120 maxima
919 3075 960 3120 ex
984 3063 1072 3138 parte
1098 3054 1305 3117 deauuctnsn.
1356 3052 1434 3116 'l'ria
1461 3054 1530 3122 eius

147 3165 151 3175 “
288 3153 469 3242 ftapmenls
493 3177 591 3237 parra
616 3158 798 3242 appendent
823 3177 863 3222 ex
888 3155 1011 3225 duobus
1036 3153 1203 3230 funiculis,
1230 3153 1531 3236 quiccntextieunt
1644 3179 1650 3184 ·

284 3275 325 3318 ex
350 3251 415 3319 filis
440 3257 549 3323 sericis
573 3259 681 3334 rubri,
707 3258 819 3321 viridis
846 3269 877 3322 et
901 3257 968 3324 albi
994 3255 1121 3322 coloris.
1172 3254 1265 3321 Dicta
1290 3251 1471 3342 fragmenta
1488 3257 1531 3321 si·

284 3353 356 3417 rnnl
380 3368 559 3436 computata
584 3357 737 3446 imaginis
763 3356 899 3422 nonnisi
925 3367 1038 3436 caput,
1064 3364 1177 3436 pectus
1201 3373 1238 3416 sc
1263 3353 1379 3436 pedes,
1405 3355 1529 3440 aliquas

281 3453 380 3618 ἓιὲἰι
403 3453 640 3556 inscriptionis,
666 3455 854 3540 incipientis
880 3455 1035 3518 nimirum
1059 3475 1097 3518 ac
1123 3450 1267 3530 mediae,
1293 3453 1415 3520 littores
1441 3455 1529 3520 exhi·

176 3715 179 3720 '
229 3701 258 3785 b)
282 3703 419 3769 indictio
443 3707 614 3790 respondet
637 3725 724 3770 anno
748 3705 898 3772 indicato.

228 3861 256 3938 e)
280 3857 453 3924 laedituus.

212 4176 276 4224 Ιοι.
291 4175 357 4226 lois.
377 4175 433 4224 rot
449 4175 513 4226 m.
529 4187 571 4223 m
592 4175 829 4253 submissisnsssse
842 4175 853 4220 l
868 4177 887 4225 l.
973 4223 982 4230 ,
