3746 4720
681 305 945 398 Autlrentica·
980 404 984 418 ,
1020 429 1024 443 ι

425 731 472 761 ..
559 603 1058 716 oucnxxxuu.
1144 534 1147 548 ’
1252 615 1259 630 ·

125 819 225 930 ΙΑιιιιό
262 851 356 910 tttt.
408 792 525 903 uenae
549 839 721 917 denuntio,
759 850 836 902 ente
871 849 925 906 20.
943 835 1081 924 eisdem
1108 839 1238 904 mande.
1290 839 1374 924 apud
1398 841 1500 907 Ratis·

749 957 880 1022 ponam.
1354 957 1358 964 ’

140 1134 352 1220 Corradus
382 1133 482 1238 IV.‚
524 1135 568 1222 in
603 1163 750 1252 regern
780 1133 964 1239 electus,
1009 1131 1247 1222 nefandum
1276 1134 1500 1222 consilium
1532 1127 1541 1142 ’

135 1249 367 1358 homicidii,
408 1279 486 1366 per
516 1252 743 1338 Albertum
773 1253 1128 1374 Ratisponensem
1167 1254 1415 1363 episcopum
1456 1270 1507 1349 et,

135 1367 373 1454 Conradurn
403 1369 463 1455 de
486 1365 747 1475 Hohinuels,
787 1363 832 1453 iu
871 1368 1108 1454 diversorio
1138 1367 1252 1479 apud
1282 1387 1513 1456 monaste--

133 1483 236 1570 rium
277 1483 420 1571 Sancti
456 1483 766 1572 Emmerarnrni
811 1486 855 1572 in
883 1485 1139 1600 Ratispona,
1188 1493 1335 1574 contra
1364 1511 1497 1571 suam

132 1629 351 1714 personam
379 1603 552 1708 initum,
595 1597 1142 1716 misericorditer'quidem
1171 1604 1371 1709 remittit,
1421 1633 1499 1685 ex-

134 1720 253 1828 ceptis
286 1719 436 1808 Virico
465 1719 615 1808 abbate
647 1739 690 1808 et
718 1721 893 1836 reliquis
926 1719 1248 1835 conspirationis
1281 1718 1499 1836 participi·

124 1832 227 1940 'hus,
272 1855 319 1923 et
356 1839 660 1924 monasterium
696 1840 837 1954 ipsum
877 1863 978 1924 curu
1006 1839 1198 1948 persenis
1230 1857 1272 1924 et
1299 1837 1424 1924 bonis
1451 1835 1497 1921 in

131 1955 351 2061 specialem
379 1958 685 2065 protectionem
715 1982 837 2044 suam
866 1955 1029 2068 recipit,
1059 1951 1126 2041 his
1154 1974 1297 2042 mosen
1319 1953 1507 2066 adjectis.

131 2069 457 2159 conditionibus:
488 2091 537 2159 ut
558 2069 720 2158 'domus
739 2074 809 2160 illa
829 2067 1019 2158 funditus
1041 2070 1306 2178 destructum
1333 2089 1383 2156 ut
1402 2097 1499 2154 mo-

130 2187 242 2275 nachi
272 2209 501 2278 teneantur
529 2216 685 2276 novam
716 2191 803 2276 suis
831 2185 1042 2276 sumtibus
1075 2188 1278 2304 capellam
1296 2189 1339 2272 in
1357 2186 1498 2273 hono·

130 2333 216 2396 rem
238 2303 392 2396 beatae
423 2307 595 2423 virginis
624 2307 761 2396 Marie
792 2325 835 2394 et
861 2303 976 2394 beati
1004 2303 1169 2395 Nicol'ai
1198 2323 1419 2422 exstruere
1454 2321 1497 2390 et

133 2421 296 2531 dotare;
327 2443 376 2512 ut
404 2455 552 2512 ornnes
581 2423 848 2514 feudationes
880 2443 923 2512 et
950 2419 1198 2510 donationes
1229 2451 1377 2509 rerum
1400 2447 1499 2506 mo·
1637 2417 1645 2468 ’-

133 2543 320 2650 casterii,
351 2542 593 2658 cuicunque
623 2543 845 2632 occasione
875 2541 946 2629 illa
975 2567 1053 2652 per
1082 2569 1229 2656 regem
1251 2540 1411 2644 factae,
1435 2539 1499 2624 ir-

79 2739 82 2748 ,
131 2659 228 2744 ritae
255 2661 362 2766 sint3
391 2677 439 2744 ut
468 2683 617 2745 omues
645 2679 876 2770 proventus
906 2659 1172 2763 monasterii,
1204 2676 1396 2766 tempore
1421 2683 1499 2763 pe-

131 2773 183 2858 cis
214 2777 406 2863 turbatae
436 2775 641 2881 durante,
680 2805 764 2860 non
802 2777 882 2861 nisi
910 2801 988 2886 per
1015 2795 1227 2865 rectorem
1257 2771 1495 2882 specieiem,

194 2895 245 2979 de
275 2893 475 2986 mandato
506 2913 549 2980 et
577 2891 791 2978 voluntate
821 2892 932 3008 regis
962 2893 1259 2998 constitutum,
1290 2886 1431 2976 admi·

114 3035 118 3043 '
572 3071 579 3085 ·
687 3029 932 3096 mstrentur.

133 3163 343 3302 Consanos
369 3229 444 3319 diui
470 3230 620 3322 Augusti
646 3234 877 3323 Imperatoris
903 3229 1119 3316 ruitum)
1139 3229 1253 3314 titius,
1287 3229 1344 3320 dej
1381 3226 1498 3322 grstia

130 3341 370 3416 Romanorum
397 3343 434 3413 in
461 3367 585 3438 regern
609 3345 777 3432 Electus,
804 3348 954 3438 Semper·
979 3351 1160 3438 Angustias
1186 3357 1221 3416 et
1247 3347 1361 3416 Heres
1379 3343 1494 3434 Regni

131 3441 346 3530 Jerusstsm,
370 3447 504 3536 uegeto
530 3444 713 3536 fastigium
738 3448 877 3516 tociens
900 3445 1054 3532 leditur,
1093 3447 1264 3538 numiano
1292 3439 1328 3513 in
1355 3442 1499 3513 defectu

131 3543 319 3611 clementie
341 3546 559 3638 repperitur,
586 3547 631 3614 Et
657 3557 791 3638 quanto
816 3545 1009 3637 benignius
1034 3545 1333 3641 ocupationibus
1347 3542 1497 3638 pietati·

128 3638 362 3732 inmergitur,
388 3655 488 3714 tanto
514 3645 708 3738 gloriosius
732 3646 925 3714 exaltatur,
970 3647 1174 3716 Clementer·
1199 3645 1310 3736 igitur
1338 3637 1498 3712 lacrimis

131 3750 165 3806 et
193 3739 338 3810 deuotis
371 3740 698 3836 applicationibus
727 3743 966 3837 quorumdem
1000 3739 1495 3828 monasterumomtsrij

131 3837 246 3908 Sancti
270 3842 529 3932 Eumenem}
551 3845 588 3914 in
605 3845 806 3936 Ratiapona
828 3847 867 3914 in
893 3845 997 3916 cuiun
1020 3865 1121 3915 more
1138 3845 1414 3936 progestans-m
1434 3860 1497 3912 no·

131 3949 288 4008 atrorum
305 3940 496 4036 Hospitstj.
511 3945 685 4036 hospicio,
709 3944 903 4016 eumdum
929 3947 1118 4016 eonnitiu·
1142 3951 1178 4016 et
1204 3935 1414 4014 detestabile
1436 3942 1499 4010 ho·

132 4038 317 4108 rnieidium
340 4065 497 4136 ponens
520 4055 664 4133 noem,
689 4066 755 4138 pes·
779 4045 965 4116 Albertnm
988 4047 1062 4140 qni.
1080 4066 1118 4116 se
1145 4035 1233 4112 dicit
1261 4041 1498 4130 Ratisponen·
