3746 4720
585 236 589 246 ‚
675 237 943 410 Autbentica.
1078 207 1108 250 ΙΙ
1409 305 1496 396 345
1585 273 1589 282 ’

134 529 198 617 cui
227 531 271 614 in
296 523 483 616 absentia
498 523 610 640 regis
631 543 746 618 terro
766 517 1041 642 gubernanda
1058 528 1351 638 committitur,
1376 565 1496 626 com..

131 646 375 755 insudetur,
400 671 478 729 rex
505 643 684 730 alienata
717 645 783 730 vel
815 645 1065 752 commissa,
1098 647 1154 734 ad
1180 650 1377 765 episcopix
1396 681 1496 742 aen·
1626 737 1645 756 ,

8 849 12 858 ,
131 765 320 869 tentiam,
350 761 463 848 infra
492 790 568 846 sex
597 759 888 848 hebdomadas
908 781 1081 849 revocet
1105 783 1148 850 ct
1164 767 1385 875 emendem
1413 797 1493 858 rex
1516 857 1520 863 ,
1657 841 1660 849 .

131 900 293 967 tenetur
321 909 401 990 pro
429 877 591 964 viribus
622 906 827 964 revocure
863 880 1128 968 advocatiam
1165 881 1278 969 forte
1316 883 1501 975 manac-¹

11 991 21 1006 “
130 1018 210 1086 tam
240 1016 285 1082 et
311 997 658 1114 impignoratem,
687 1015 738 1082 ut
763 995 807 1085 in
837 997 962 1083 unius
985 997 1177 1086 advocati
1192 1000 1397 1118 regimine
1413 1031 1495 1121 gu·

174 1115 402 1225 bernetur,
434 1133 477 1204 et
507 1113 598 1228 ipse
627 1111 847 1212 advocatia
873 1113 928 1200 ad
955 1113 1109 1230 legales
1139 1133 1303 1209 tantum
1330 1117 1440 1210 filios

498 1229 683 1322 Conradi
708 1231 822 1350 regis
850 1229 1113 1324 devolvatur.
1495 1233 1501 1246 “

126 1430 175 1564 ln
199 1491 346 1562 nominc
370 1497 491 1564 sancte
517 1499 553 1564 et
577 1487 752 1566 indiuidie
773 1484 944 1564 trinitatis
969 1495 1093 1568 Amen.
1145 1493 1353 1570 Cronradus
1370 1517 1494 1568 secun·
1524 1482 1531 1498 ’

125 1605 185 1678 dus
210 1607 267 1676 dei
298 1605 415 1700 gratia
439 1607 657 1699 Jerusalem,
682 1621 720 1680 et
745 1610 879 1703 Sicylie
904 1611 983 1679 Rex
1008 1631 1050 1680 ac
1075 1613 1159 1680 Dux
1177 1611 1341 1694 Sweuic,
1369 1609 1492 1687 Omni·

122 1706 186 1798 bus
210 1707 494 1798 imperpetuum.
545 1711 823 1781 instrumentum
849 1709 1073 1781 Venerabilis
1099 1711 1211 1802 patris
1233 1711 1491 1806 consanguinei

121 1807 229 1876 nostri
253 1805 397 1878 Dilecti
422 1807 558 1898 domini
585 1810 796 1900 Hartmannj
823 1809 993 1902 Episcopi
1020 1811 1255 1902 Augustanus
1288 1809 1493 1903 recepimus

123 1917 157 1976 st
179 1904 457 1978 transcribimus
482 1905 520 1980 in
546 1911 614 1978 bec
639 1911 767 1978 uerba.
818 1911 1063 1978 Hartmannus
1094 1908 1153 1979 dei
1186 1907 1305 2003 grstia
1329 1912 1492 1984 Ecclesis
1555 1983 1562 1998 ,

121 2007 354 2096 Augustensie
378 2007 600 2102 Episcopus,
634 2007 821 2080 Vniuersis
853 2017 928 2077 tam
964 2009 1193 2099 presentibus
1227 2033 1336 2103 quam
1360 2011 1492 2082 futuris

122 2125 262 2198 presens
294 2107 470 2196 scriptum
495 2108 772 2200 imperpetuum.
824 2108 1020 2199 Vtriusque
1047 2117 1119 2176 tam
1141 2108 1355 2200 spiritualis,
1382 2131 1491 2202 quam

123 2205 330 2298 temporalis
347 2205 484 2294 Gladii,
512 2207 574 2300 qui
599 2203 755 2276 ueritate
781 2207 1002 2298 euangelica
1027 2205 1218 2296 innuente,
1243 2208 1287 2276 ad
1304 2209 1412 2281 totius
1435 2233 1492 2280 or·

123 2301 175 2375 bis
200 2305 368 2396 regimen
394 2304 552 2397 desuper
576 2315 660 2376 sunt
686 2305 865 2393 concessi,
898 2307 1049 2378 nostris.
1067 2307 1138 2380 heu
1171 2309 1415 2400 temporibus,
1449 2331 1491 2382 ae

124 2406 309 2496 presertim
335 2406 569 2496 impartibus,
595 2416 650 2476 est
672 2407 764 2478 adeo
790 2406 944 2498 dignitas
968 2403 1155 2494 inclinata,
1179 2407 1277 2501 quod
1302 2409 1490 2484 suadente
1555 2493 1557 2503 ,

124 2505 213 2575 mols
237 2505 490 2596 pronominum
515 2515 552 2576 et
576 2505 723 2575 humani
750 2505 893 2599 generis
918 2503 1083 2596 inimico,
1111 2527 1179 2579 uec
1202 2503 1272 2578 iste
1298 2511 1492 2582 correctio·

125 2603 343 2692 uictimam,
369 2625 437 2674 nco
462 2605 525 2674 ille
551 2605 741 2696 plectendo
767 2607 881 2674 aciem
908 2605 1126 2676 defensionis
1151 2606 1345 2680 extendere
1370 2611 1491 2680 ualent
1525 2645 1551 2680 .-

125 2699 160 2770 in
183 2704 351 2790 rebelles,
375 2703 470 2774 vnde
495 2713 531 2773 et
555 2703 645 2772 tides
659 2707 751 2795 prob
767 2705 874 2772 dolor
897 2701 972 2771 non
996 2704 1230 2775 mediocriter
1257 2708 1382 2800 tepuit,
1407 2729 1490 2800 spes

126 2803 279 2890 casuris,
309 2815 346 2873 et
372 2823 462 2896 pace
488 2803 653 2872 exulants
678 2802 772 2890 ignis
798 2799 927 2892 friguit
952 2803 1121 2872 caritatis.
1179 2805 1271 2874 Hinc
1305 2814 1360 2876 est
1392 2807 1490 2900 quod

124 2921 184 2970 nos
207 2903 369 2974 Ecclesie
395 2912 518 2973 nostre
544 2899 796 2994 tranquillitati
816 2898 1003 2994 cupientes
1019 2901 1242 2996 prospicere,
1268 2915 1409 2976 maturo
1427 2907 1490 2976 Cs-

122 3001 220 3092 pituli
246 3002 374 3073 nostri.
426 3002 791 3094 Ministerialiumque
816 3011 1024 3072 nostrorum
1049 3002 1241 3073 accedente
1266 3006 1418 3075 consilio
1452 3017 1491 3076 st

8 3095 10 3104 '
123 3119 284 3186 assensu,
314 3102 693 3191 Magnificumvirum
718 3103 905 3171 dominum
921 3101 1148 3172 Cronradum
1175 3103 1489 3176 secundumJeru·

123 3201 246 3290 salem,
282 3209 320 3272 et
347 3200 482 3292 sycilie
506 3203 664 3293 Regem,
698 3203 835 3300 Ducem
860 3202 1005 3274 Sweuie
1033 3203 1210 3272 illustrem
1246 3204 1352 3276 nobis
1383 3190 1492 3300 elegi·

122 3317 197 3372 mus
221 3298 467 3386 Adnotatum,
493 3322 650 3392 persone
676 3301 862 3372 dumtaxat
886 3301 999 3395 ipsius
1027 3301 1163 3371 domini
1190 3303 1389 3394 cuonradi,
1415 3328 1490 3376 non

8 3419 10 3474 ;
122 3395 251 3491 Regis,
275 3399 337 3469 uel
362 3401 529 3495 antiquam
555 3401 616 3490 alij
642 3421 705 3470 sue
732 3401 910 3494 dignitati.
960 3401 1193 3471 Aduocstiam
1219 3415 1341 3474 nostre
1359 3405 1492 3475 Ciuita-

123 3496 166 3566 tis
190 3507 225 3569 ct
248 3499 415 3570 villarum
442 3520 525 3569 cum
551 3502 625 3572 suis
651 3495 853 3570 attinenciis
880 3499 998 3570 eidem
1011 3500 1205 3572 Aduocatis
1227 3501 1491 3596 pertinencium

123 3594 160 3664 in
176 3595 324 3696 feudum
351 3599 588 3670 conferentes.
639 3601 709 3698 Qui
734 3610 771 3669 et
794 3601 873 3670 rice
899 3603 1124 3690 sacramenti,
1149 3605 1187 3671 in
1202 3606 1492 3697 subscriptorum
1579 3634 1584 3645 ⁴

122 3691 328 3788 Principum
362 3708 398 3768 st
429 3701 583 3770 aliorum
608 3700 791 3790 presentia
814 3699 923 3769 fidem
949 3701 987 3768 in
1020 3703 1184 3772 manibus
1215 3705 1349 3775 nostris
1380 3703 1492 3791 dedit,
1570 3735 1574 3746 ·

122 3799 334 3883 promittens
358 3819 397 3869 ss
423 3801 544 3868 omnis
569 3798 772 3892 subscripta
797 3799 903 3871 nobis
928 3801 1132 3892 nostrisque
1158 3804 1425 3874 successoribus
1454 3814 1491 3872 st

120 3891 278 3965 Ecclesie
304 3895 523 3990 augustensi
549 3897 703 3967 fideliter
728 3909 969 3970 seruaturum.
1018 3901 1141 3971 Primo
1165 3900 1353 3990 videlicet,
1383 3915 1424 3972 ut
1449 3903 1492 3970 li·

120 3985 238 4066 bertas
263 3998 475 4092 antiquaret
500 3999 716 4093 approbata,
740 3999 865 4090 nobis,
892 4009 929 4070 st
954 4001 1122 4094 Capitulo
1148 4011 1292 4094 nostro,
1308 4025 1361 4111 lac
1382 4000 1490 4073 illini·
1578 4099 1581 4108 .

167 4140 315 4190 neusse.
330 4146 388 4198 res.
403 4149 468 4196 ιιι.
483 4162 525 4197 n·
540 4147 688 4196 mettun
703 4159 779 4196 mu
793 4147 840 4194 ιιι.
1128 4163 1130 4170 ⁴
1226 4133 1278 4210 lsls
1383 4211 1388 4222 ,
1511 4148 1517 4165 ”
