<?xml version="1.0" encoding="UTF-8"?>
<!DOCTYPE html PUBLIC "-//W3C//DTD XHTML 1.0 Transitional//EN"
    "http://www.w3.org/TR/xhtml1/DTD/xhtml1-transitional.dtd">
<html xmlns="http://www.w3.org/1999/xhtml" xml:lang="en" lang="en">
 <head>
  <title>
</title>
<meta http-equiv="Content-Type" content="text/html;charset=utf-8" />
  <meta name='ocr-system' content='tesseract 3.04.00' />
  <meta name='ocr-capabilities' content='ocr_page ocr_carea ocr_par ocr_line ocrx_word'/>
</head>
<body>
  <div class='ocr_page' id='page_1' title='image "./monumentaboicae22landgoog_0236.png"; bbox 0 0 3772 4722; ppageno 0'>
   <div class='ocr_carea' id='block_1_1' title="bbox 358 277 1394 426">
    <p class='ocr_par' dir='ltr' id='par_1_1' title="bbox 358 277 1394 426">
     <span class='ocr_line' id='line_1_1' title="bbox 358 277 1394 426; baseline -0.006 -36"><span class='ocrx_word' id='word_1_1' title='bbox 358 419 361 426; x_wconf 20' lang='grc' dir='ltr'><strong><em>Ι</em></strong></span> <span class='ocrx_word' id='word_1_2' title='bbox 397 311 485 401; x_wconf 73' lang='lat'><strong>228</strong></span> <span class='ocrx_word' id='word_1_3' title='bbox 808 295 1053 415; x_wconf 81' lang='lat' dir='ltr'><strong>Diplomnte</strong></span> <span class='ocrx_word' id='word_1_4' title='bbox 1081 277 1394 412; x_wconf 71' lang='lat' dir='ltr'><strong>Imperatorum</strong></span> 
     </span>
    </p>
   </div>
   <div class='ocr_carea' id='block_1_2' title="bbox 304 521 1877 2124">
    <p class='ocr_par' dir='ltr' id='par_1_2' title="bbox 304 521 1877 2124">
     <span class='ocr_line' id='line_1_2' title="bbox 396 521 1780 626; baseline -0.008 -11"><span class='ocrx_word' id='word_1_5' title='bbox 396 536 654 626; x_wconf 85' lang='lat' dir='ltr'><strong>emunitatibus</strong></span> <span class='ocrx_word' id='word_1_6' title='bbox 679 532 773 604; x_wconf 86' lang='lat' dir='ltr'><strong>liunt</strong></span> <span class='ocrx_word' id='word_1_7' title='bbox 798 521 1042 604; x_wconf 75' lang='lat' dir='ltr'><strong>ecclesiarum.</strong></span> <span class='ocrx_word' id='word_1_8' title='bbox 1070 533 1140 602; x_wconf 86' lang='lat' dir='ltr'><strong>nisi</strong></span> <span class='ocrx_word' id='word_1_9' title='bbox 1167 529 1564 602; x_wconf 81' lang='lat' dir='ltr'><strong>tantum‘ecclesiastico</strong></span> <span class='ocrx_word' id='word_1_10' title='bbox 1579 529 1714 601; x_wconf 77' lang='lat' dir='ltr'><strong>ludici.</strong></span> <span class='ocrx_word' id='word_1_11' title='bbox 1731 533 1780 604; x_wconf 89' lang='lat' dir='ltr'><strong>ad</strong></span> 
     </span>
     <span class='ocr_line' id='line_1_3' title="bbox 395 629 1876 728; baseline -0.008 -13"><span class='ocrx_word' id='word_1_12' title='bbox 395 649 466 714; x_wconf 87' lang='lat' dir='ltr'><strong>hoc</strong></span> <span class='ocrx_word' id='word_1_13' title='bbox 499 640 543 709; x_wconf 86' lang='lat' dir='ltr'><strong>ds</strong></span> <span class='ocrx_word' id='word_1_14' title='bbox 578 639 764 705; x_wconf 88' lang='lat' dir='ltr'><strong>uoluntate</strong></span> <span class='ocrx_word' id='word_1_15' title='bbox 788 635 959 728; x_wconf 83' lang='lat' dir='ltr'>Episcopi</span> <span class='ocrx_word' id='word_1_16' title='bbox 994 633 1203 702; x_wconf 88' lang='lat' dir='ltr'><strong>constituto.</strong></span> <span class='ocrx_word' id='word_1_17' title='bbox 1237 641 1274 701; x_wconf 88' lang='lat' dir='ltr'><strong>et</strong></span> <span class='ocrx_word' id='word_1_18' title='bbox 1312 630 1410 722; x_wconf 85' lang='lat' dir='ltr'><strong>quod</strong></span> <span class='ocrx_word' id='word_1_19' title='bbox 1434 631 1534 700; x_wconf 80' lang='lat' dir='ltr'><strong>nulls</strong></span> <span class='ocrx_word' id='word_1_20' title='bbox 1559 633 1713 702; x_wconf 83' lang='lat' dir='ltr'><strong>ecclesis</strong></span> <span class='ocrx_word' id='word_1_21' title='bbox 1738 629 1779 704; x_wconf 90' lang='lat' dir='ltr'><strong>in</strong></span> <span class='ocrx_word' id='word_1_22' title='bbox 1867 659 1876 720; x_wconf 60' lang='lat' dir='ltr'><strong>s</strong></span> 
     </span>
     <span class='ocr_line' id='line_1_4' title="bbox 398 730 1781 830; baseline -0.006 -18"><span class='ocrx_word' id='word_1_23' title='bbox 398 764 471 818; x_wconf 90' lang='lat' dir='ltr'><strong>uno</strong></span> <span class='ocrx_word' id='word_1_24' title='bbox 496 738 647 830; x_wconf 75' lang='lat' dir='ltr'><strong>praedic</strong></span> <span class='ocrx_word' id='word_1_25' title='bbox 674 737 798 825; x_wconf 89' lang='lat' dir='ltr'><strong>plures</strong></span> <span class='ocrx_word' id='word_1_26' title='bbox 824 734 1020 803; x_wconf 78' lang='lat' dir='ltr'><strong>aduocatos</strong></span> <span class='ocrx_word' id='word_1_27' title='bbox 1046 734 1163 824; x_wconf 88' lang='lat' dir='ltr'><strong>possit</strong></span> <span class='ocrx_word' id='word_1_28' title='bbox 1185 732 1331 799; x_wconf 86' lang='lat' dir='ltr'><strong>habere.</strong></span> <span class='ocrx_word' id='word_1_29' title='bbox 1382 733 1470 800; x_wconf 87' lang='lat' dir='ltr'><strong>Item</strong></span> <span class='ocrx_word' id='word_1_30' title='bbox 1497 730 1595 821; x_wconf 88' lang='lat' dir='ltr'><strong>quod</strong></span> <span class='ocrx_word' id='word_1_31' title='bbox 1611 735 1703 802; x_wconf 90' lang='lat' dir='ltr'><strong>nulli</strong></span> <span class='ocrx_word' id='word_1_32' title='bbox 1719 733 1781 804; x_wconf 80' lang='lat' dir='ltr'><strong>sd·</strong></span> 
     </span>
     <span class='ocr_line' id='line_1_5' title="bbox 397 830 1780 924; baseline -0.007 -12"><span class='ocrx_word' id='word_1_33' title='bbox 397 851 529 912; x_wconf 82' lang='lat' dir='ltr'><strong>noceto</strong></span> <span class='ocrx_word' id='word_1_34' title='bbox 564 837 671 904; x_wconf 83' lang='lat' dir='ltr'><strong>licent</strong></span> <span class='ocrx_word' id='word_1_35' title='bbox 707 835 745 902; x_wconf 91' lang='lat' dir='ltr'><strong>in</strong></span> <span class='ocrx_word' id='word_1_36' title='bbox 781 835 953 904; x_wconf 75' lang='lat' dir='ltr'><strong>officiatos</strong></span> <span class='ocrx_word' id='word_1_37' title='bbox 979 832 1148 924; x_wconf 75' lang='lat' dir='ltr'><strong>Episcopi</strong></span> <span class='ocrx_word' id='word_1_38' title='bbox 1174 830 1585 900; x_wconf 71' lang='lat' dir='ltr'><strong>etsernilism‘ccclesie</strong></span> <span class='ocrx_word' id='word_1_39' title='bbox 1609 853 1685 902; x_wconf 86' lang='lat' dir='ltr'><strong>sue.</strong></span> <span class='ocrx_word' id='word_1_40' title='bbox 1713 835 1780 903; x_wconf 89' lang='lat' dir='ltr'><strong>ali·</strong></span> 
     </span>
     <span class='ocr_line' id='line_1_6' title="bbox 400 930 1779 1036; baseline -0.006 -25"><span class='ocrx_word' id='word_1_41' title='bbox 400 964 508 1036; x_wconf 80' lang='lat' dir='ltr'><strong>quern</strong></span> <span class='ocrx_word' id='word_1_42' title='bbox 535 936 759 1006; x_wconf 74' lang='lat' dir='ltr'><strong>exactionem</strong></span> <span class='ocrx_word' id='word_1_43' title='bbox 787 936 908 1004; x_wconf 84' lang='lat' dir='ltr'><strong>fecere</strong></span> <span class='ocrx_word' id='word_1_44' title='bbox 935 934 994 1001; x_wconf 89' lang='lat' dir='ltr'><strong>uel</strong></span> <span class='ocrx_word' id='word_1_45' title='bbox 1018 932 1195 1002; x_wconf 85' lang='lat' dir='ltr'><strong>Juditium</strong></span> <span class='ocrx_word' id='word_1_46' title='bbox 1221 951 1403 1032; x_wconf 63' lang='lat' dir='ltr'><strong>exercere</strong></span> <span class='ocrx_word' id='word_1_47' title='bbox 1455 932 1545 999; x_wconf 85' lang='lat' dir='ltr'><strong>Item</strong></span> <span class='ocrx_word' id='word_1_48' title='bbox 1571 931 1670 1023; x_wconf 85' lang='lat' dir='ltr'><strong>quod</strong></span> <span class='ocrx_word' id='word_1_49' title='bbox 1697 930 1779 1030; x_wconf 84' lang='lat' dir='ltr'><strong>qoi-</strong></span> 
     </span>
     <span class='ocr_line' id='line_1_7' title="bbox 397 1030 1876 1128; baseline -0.003 -17"><span class='ocrx_word' id='word_1_50' title='bbox 397 1044 490 1110; x_wconf 86' lang='lat' dir='ltr'><strong>libet</strong></span> <span class='ocrx_word' id='word_1_51' title='bbox 513 1038 777 1128; x_wconf 90' lang='lat' dir='ltr'><strong>Episcoporum</strong></span> <span class='ocrx_word' id='word_1_52' title='bbox 803 1033 1004 1104; x_wconf 81' lang='lat' dir='ltr'><strong>Theotonie</strong></span> <span class='ocrx_word' id='word_1_53' title='bbox 1030 1030 1448 1121; x_wconf 78' lang='lat' dir='ltr'><strong>secularempflicistnm</strong></span> <span class='ocrx_word' id='word_1_54' title='bbox 1473 1031 1510 1098; x_wconf 90' lang='lat' dir='ltr'><strong>in</strong></span> <span class='ocrx_word' id='word_1_55' title='bbox 1544 1031 1618 1100; x_wconf 91' lang='lat' dir='ltr'><strong>suis</strong></span> <span class='ocrx_word' id='word_1_56' title='bbox 1644 1032 1781 1103; x_wconf 76' lang='lat' dir='ltr'><strong>Ciuitas·</strong></span> <span class='ocrx_word' id='word_1_57' title='bbox 1874 1073 1876 1106; x_wconf 57' lang='lat' dir='ltr'><strong>r</strong></span> 
     </span>
     <span class='ocr_line' id='line_1_8' title="bbox 397 1123 1876 1228; baseline -0.005 -17"><span class='ocrx_word' id='word_1_58' title='bbox 397 1143 513 1225; x_wconf 83' lang='lat' dir='ltr'><strong>tibus,</strong></span> <span class='ocrx_word' id='word_1_59' title='bbox 539 1136 683 1228; x_wconf 85' lang='lat' dir='ltr'><strong>oppidis</strong></span> <span class='ocrx_word' id='word_1_60' title='bbox 709 1144 745 1202; x_wconf 87' lang='lat' dir='ltr'><strong>et</strong></span> <span class='ocrx_word' id='word_1_61' title='bbox 769 1135 864 1204; x_wconf 84' lang='lat' dir='ltr'><strong>villis</strong></span> <span class='ocrx_word' id='word_1_62' title='bbox 889 1134 1024 1201; x_wconf 87' lang='lat' dir='ltr'><strong>habers</strong></span> <span class='ocrx_word' id='word_1_63' title='bbox 1051 1140 1204 1201; x_wconf 83' lang='lat' dir='ltr'><strong>tenetur.</strong></span> <span class='ocrx_word' id='word_1_64' title='bbox 1233 1141 1273 1200; x_wconf 90' lang='lat' dir='ltr'><strong>ut</strong></span> <span class='ocrx_word' id='word_1_65' title='bbox 1290 1123 1434 1199; x_wconf 86' lang='lat' dir='ltr'><strong>Judicet</strong></span> <span class='ocrx_word' id='word_1_66' title='bbox 1458 1131 1540 1199; x_wconf 90' lang='lat' dir='ltr'><strong>loco</strong></span> <span class='ocrx_word' id='word_1_67' title='bbox 1561 1132 1672 1202; x_wconf 84' lang='lat' dir='ltr'><strong>suist</strong></span> <span class='ocrx_word' id='word_1_68' title='bbox 1688 1131 1780 1204; x_wconf 78' lang='lat' dir='ltr'><strong>ducis</strong></span> <span class='ocrx_word' id='word_1_69' title='bbox 1874 1175 1876 1204; x_wconf 56' lang='lat' dir='ltr'><strong>r</strong></span> 
     </span>
     <span class='ocr_line' id='line_1_9' title="bbox 398 1227 1876 1334; baseline -0.005 -25"><span class='ocrx_word' id='word_1_70' title='bbox 398 1252 520 1334; x_wconf 76' lang='lat' dir='ltr'><strong>portes</strong></span> <span class='ocrx_word' id='word_1_71' title='bbox 548 1233 819 1326; x_wconf 75' lang='lat' dir='ltr'><strong>compositionis</strong></span> <span class='ocrx_word' id='word_1_72' title='bbox 845 1245 881 1303; x_wconf 88' lang='lat' dir='ltr'><strong>et</strong></span> <span class='ocrx_word' id='word_1_73' title='bbox 899 1227 1153 1303; x_wconf 70' lang='lat' dir='ltr'><strong>satisfactionis</strong></span> <span class='ocrx_word' id='word_1_74' title='bbox 1174 1239 1374 1321; x_wconf 73' lang='lat' dir='ltr'><strong>spectantes</strong></span> <span class='ocrx_word' id='word_1_75' title='bbox 1395 1228 1439 1298; x_wconf 86' lang='lat' dir='ltr'><strong>nd</strong></span> <span class='ocrx_word' id='word_1_76' title='bbox 1456 1231 1677 1331; x_wconf 86' lang='lat' dir='ltr'><strong>Episcopum</strong></span> <span class='ocrx_word' id='word_1_77' title='bbox 1694 1235 1780 1302; x_wconf 90' lang='lat' dir='ltr'><strong>loco</strong></span> <span class='ocrx_word' id='word_1_78' title='bbox 1874 1263 1876 1320; x_wconf 69' lang='lat'>5</span> 
     </span>
     <span class='ocr_line' id='line_1_10' title="bbox 399 1327 1781 1432; baseline -0.006 -24"><span class='ocrx_word' id='word_1_79' title='bbox 399 1341 512 1432; x_wconf 89' lang='lat' dir='ltr'><strong>ipsius</strong></span> <span class='ocrx_word' id='word_1_80' title='bbox 540 1358 606 1428; x_wconf 84' lang='lat' dir='ltr'><strong>pro</strong></span> <span class='ocrx_word' id='word_1_81' title='bbox 632 1344 735 1427; x_wconf 75' lang='lat' dir='ltr'><strong>perte</strong></span> <span class='ocrx_word' id='word_1_82' title='bbox 761 1357 826 1403; x_wconf 90' lang='lat' dir='ltr'><strong>sua</strong></span> <span class='ocrx_word' id='word_1_83' title='bbox 852 1333 1014 1428; x_wconf 85' lang='lat' dir='ltr'><strong>recipiat</strong></span> <span class='ocrx_word' id='word_1_84' title='bbox 1030 1343 1067 1400; x_wconf 88' lang='lat' dir='ltr'><strong>et</strong></span> <span class='ocrx_word' id='word_1_85' title='bbox 1092 1331 1235 1430; x_wconf 78' lang='lat' dir='ltr'><strong>tertium</strong></span> <span class='ocrx_word' id='word_1_86' title='bbox 1261 1330 1393 1398; x_wconf 89' lang='lat' dir='ltr'><strong>habeat</strong></span> <span class='ocrx_word' id='word_1_87' title='bbox 1426 1327 1635 1401; x_wconf 85' lang='lat' dir='ltr'><strong>nduocstus.</strong></span> <span class='ocrx_word' id='word_1_88' title='bbox 1688 1333 1781 1402; x_wconf 87' lang='lat' dir='ltr'><strong>Con·</strong></span> 
     </span>
     <span class='ocr_line' id='line_1_11' title="bbox 402 1421 1877 1527; baseline -0.005 -17"><span class='ocrx_word' id='word_1_89' title='bbox 402 1442 549 1511; x_wconf 88' lang='lat' dir='ltr'><strong>stitutus</strong></span> <span class='ocrx_word' id='word_1_90' title='bbox 575 1441 697 1527; x_wconf 76' lang='lat' dir='ltr'><strong>itaque</strong></span> <span class='ocrx_word' id='word_1_91' title='bbox 723 1431 761 1502; x_wconf 89' lang='lat' dir='ltr'><strong>in</strong></span> <span class='ocrx_word' id='word_1_92' title='bbox 785 1434 972 1525; x_wconf 88' lang='lat' dir='ltr'><strong>presentia</strong></span> <span class='ocrx_word' id='word_1_93' title='bbox 997 1444 1124 1501; x_wconf 88' lang='lat' dir='ltr'><strong>nostra</strong></span> <span class='ocrx_word' id='word_1_94' title='bbox 1137 1421 1315 1499; x_wconf 85' lang='lat' dir='ltr'><strong>Henricus</strong></span> <span class='ocrx_word' id='word_1_95' title='bbox 1339 1429 1558 1499; x_wconf 73' lang='lat' dir='ltr'><strong>venerabilis</strong></span> <span class='ocrx_word' id='word_1_96' title='bbox 1573 1429 1781 1525; x_wconf 83' lang='lat' dir='ltr'><strong>Episcopus</strong></span> <span class='ocrx_word' id='word_1_97' title='bbox 1876 1501 1877 1516; x_wconf 15' lang='grc' dir='ltr'><strong>ἶ</strong></span> 
     </span>
     <span class='ocr_line' id='line_1_12' title="bbox 401 1529 1782 1630; baseline -0.005 -22"><span class='ocrx_word' id='word_1_98' title='bbox 401 1537 624 1630; x_wconf 79' lang='lat' dir='ltr'><strong>Eystetensis</strong></span> <span class='ocrx_word' id='word_1_99' title='bbox 650 1534 809 1601; x_wconf 86' lang='lat' dir='ltr'><strong>dilectus</strong></span> <span class='ocrx_word' id='word_1_100' title='bbox 826 1534 997 1623; x_wconf 86' lang='lat' dir='ltr'><strong>princeps</strong></span> <span class='ocrx_word' id='word_1_101' title='bbox 1023 1541 1148 1600; x_wconf 86' lang='lat' dir='ltr'><strong>noster</strong></span> <span class='ocrx_word' id='word_1_102' title='bbox 1175 1531 1280 1598; x_wconf 89' lang='lat' dir='ltr'><strong>nobis</strong></span> <span class='ocrx_word' id='word_1_103' title='bbox 1307 1529 1524 1620; x_wconf 82' lang='lat' dir='ltr'><strong>supplicauit</strong></span> <span class='ocrx_word' id='word_1_104' title='bbox 1550 1531 1724 1618; x_wconf 80' lang='lat' dir='ltr'><strong>attentius</strong></span> <span class='ocrx_word' id='word_1_105' title='bbox 1741 1543 1782 1600; x_wconf 87' lang='lat' dir='ltr'><strong>ut</strong></span> 
     </span>
     <span class='ocr_line' id='line_1_13' title="bbox 304 1629 1782 1731; baseline -0.003 -25"><span class='ocrx_word' id='word_1_106' title='bbox 304 1715 308 1723; x_wconf 31' lang='lat'><strong>¹</strong></span> <span class='ocrx_word' id='word_1_107' title='bbox 403 1640 489 1731; x_wconf 84' lang='lat' dir='ltr'><strong>quin</strong></span> <span class='ocrx_word' id='word_1_108' title='bbox 513 1656 625 1726; x_wconf 87' lang='lat' dir='ltr'><strong>super</strong></span> <span class='ocrx_word' id='word_1_109' title='bbox 650 1629 835 1723; x_wconf 87' lang='lat' dir='ltr'><strong>premissis</strong></span> <span class='ocrx_word' id='word_1_110' title='bbox 861 1632 1032 1700; x_wconf 88' lang='lat' dir='ltr'><strong>omnibus</strong></span> <span class='ocrx_word' id='word_1_111' title='bbox 1057 1651 1207 1719; x_wconf 71' lang='lat' dir='ltr'><strong>grauem</strong></span> <span class='ocrx_word' id='word_1_112' title='bbox 1241 1633 1311 1698; x_wconf 90' lang='lat' dir='ltr'><strong>huc</strong></span> <span class='ocrx_word' id='word_1_113' title='bbox 1346 1651 1460 1721; x_wconf 87' lang='lat' dir='ltr'><strong>usquc</strong></span> <span class='ocrx_word' id='word_1_114' title='bbox 1492 1651 1605 1724; x_wconf 77' lang='lat' dir='ltr'><strong>super</strong></span> <span class='ocrx_word' id='word_1_115' title='bbox 1628 1631 1782 1702; x_wconf 85' lang='lat' dir='ltr'><strong>Juribus</strong></span> 
     </span>
     <span class='ocr_line' id='line_1_14' title="bbox 404 1729 1781 1823; baseline -0.004 -17"><span class='ocrx_word' id='word_1_116' title='bbox 404 1736 556 1806; x_wconf 88' lang='lat' dir='ltr'><strong>ecclesie</strong></span> <span class='ocrx_word' id='word_1_117' title='bbox 581 1753 644 1802; x_wconf 90' lang='lat' dir='ltr'><strong>sue</strong></span> <span class='ocrx_word' id='word_1_118' title='bbox 671 1752 863 1823; x_wconf 85' lang='lat' dir='ltr'><strong>perpessus</strong></span> <span class='ocrx_word' id='word_1_119' title='bbox 890 1741 944 1800; x_wconf 88' lang='lat' dir='ltr'><strong>est</strong></span> <span class='ocrx_word' id='word_1_120' title='bbox 969 1731 1153 1799; x_wconf 79' lang='lat' dir='ltr'><strong>lesionem.</strong></span> <span class='ocrx_word' id='word_1_121' title='bbox 1180 1729 1219 1796; x_wconf 94' lang='lat' dir='ltr'><strong>in</strong></span> <span class='ocrx_word' id='word_1_122' title='bbox 1245 1729 1409 1799; x_wconf 70' lang='lat' dir='ltr'><strong>fauorem</strong></span> <span class='ocrx_word' id='word_1_123' title='bbox 1434 1751 1538 1798; x_wconf 87' lang='lat' dir='ltr'><strong>suum</strong></span> <span class='ocrx_word' id='word_1_124' title='bbox 1567 1739 1602 1799; x_wconf 83' lang='lat' dir='ltr'><strong>et</strong></span> <span class='ocrx_word' id='word_1_125' title='bbox 1626 1733 1781 1802; x_wconf 86' lang='lat' dir='ltr'><strong>ecclesie</strong></span> 
     </span>
     <span class='ocr_line' id='line_1_15' title="bbox 404 1828 1782 1924; baseline -0.003 -18"><span class='ocrx_word' id='word_1_126' title='bbox 404 1858 469 1907; x_wconf 88' lang='lat' dir='ltr'><strong>sue</strong></span> <span class='ocrx_word' id='word_1_127' title='bbox 496 1833 690 1902; x_wconf 89' lang='lat' dir='ltr'><strong>munimen.</strong></span> <span class='ocrx_word' id='word_1_128' title='bbox 716 1831 898 1922; x_wconf 68' lang='lat' dir='ltr'><strong>predictus</strong></span> <span class='ocrx_word' id='word_1_129' title='bbox 923 1830 1117 1900; x_wconf 84' lang='lat' dir='ltr'><strong>sententias</strong></span> <span class='ocrx_word' id='word_1_130' title='bbox 1145 1837 1239 1897; x_wconf 80' lang='lat' dir='ltr'><strong>rates</strong></span> <span class='ocrx_word' id='word_1_131' title='bbox 1263 1830 1397 1898; x_wconf 83' lang='lat' dir='ltr'><strong>hebere</strong></span> <span class='ocrx_word' id='word_1_132' title='bbox 1415 1839 1597 1922; x_wconf 86' lang='lat' dir='ltr'><strong>perpetuo</strong></span> <span class='ocrx_word' id='word_1_133' title='bbox 1617 1828 1782 1924; x_wconf 76' lang='lat' dir='ltr'><strong>dignere-</strong></span> 
     </span>
     <span class='ocr_line' id='line_1_16' title="bbox 405 1929 1781 2025; baseline 0 -22"><span class='ocrx_word' id='word_1_134' title='bbox 405 1959 497 2004; x_wconf 88' lang='lat' dir='ltr'><strong>mur.</strong></span> <span class='ocrx_word' id='word_1_135' title='bbox 549 1933 623 2002; x_wconf 90' lang='lat' dir='ltr'><strong>Nos</strong></span> <span class='ocrx_word' id='word_1_136' title='bbox 656 1931 769 2022; x_wconf 83' lang='lat' dir='ltr'><strong>igitur</strong></span> <span class='ocrx_word' id='word_1_137' title='bbox 801 1930 1023 1999; x_wconf 74' lang='lat' dir='ltr'><strong>attendentes</strong></span> <span class='ocrx_word' id='word_1_138' title='bbox 1056 1939 1159 2020; x_wconf 79' lang='lat' dir='ltr'><strong>grets</strong></span> <span class='ocrx_word' id='word_1_139' title='bbox 1185 1929 1271 2000; x_wconf 80' lang='lat' dir='ltr'><strong>sotis</strong></span> <span class='ocrx_word' id='word_1_140' title='bbox 1297 1942 1333 1999; x_wconf 89' lang='lat' dir='ltr'><strong>et</strong></span> <span class='ocrx_word' id='word_1_141' title='bbox 1358 1943 1505 2023; x_wconf 82' lang='lat' dir='ltr'><strong>accepts</strong></span> <span class='ocrx_word' id='word_1_142' title='bbox 1531 1929 1683 2000; x_wconf 87' lang='lat' dir='ltr'><strong>seruitin</strong></span> <span class='ocrx_word' id='word_1_143' title='bbox 1709 1955 1781 2025; x_wconf 83' lang='lat' dir='ltr'><strong>qne</strong></span> 
     </span>
     <span class='ocr_line' id='line_1_17' title="bbox 407 2025 1782 2124; baseline -0.002 -19"><span class='ocrx_word' id='word_1_144' title='bbox 407 2035 524 2105; x_wconf 79' lang='lat' dir='ltr'><strong>dictus</strong></span> <span class='ocrx_word' id='word_1_145' title='bbox 548 2025 756 2124; x_wconf 32' lang='lat' dir='ltr'><strong>Episcopus·</strong></span> <span class='ocrx_word' id='word_1_146' title='bbox 785 2030 890 2100; x_wconf 90' lang='lat' dir='ltr'><strong>nobis</strong></span> <span class='ocrx_word' id='word_1_147' title='bbox 917 2029 1114 2098; x_wconf 70' lang='lat' dir='ltr'><strong>Rarissimo</strong></span> <span class='ocrx_word' id='word_1_148' title='bbox 1148 2029 1224 2098; x_wconf 90' lang='lat' dir='ltr'><strong>filio</strong></span> <span class='ocrx_word' id='word_1_149' title='bbox 1258 2039 1384 2100; x_wconf 89' lang='lat' dir='ltr'><strong>nostro</strong></span> <span class='ocrx_word' id='word_1_150' title='bbox 1416 2031 1507 2122; x_wconf 82' lang='lat' dir='ltr'><strong>Regi</strong></span> <span class='ocrx_word' id='word_1_151' title='bbox 1534 2029 1782 2102; x_wconf 70' lang='lat' dir='ltr'><strong>Romanorum</strong></span> 
     </span>
    </p>
   </div>
   <div class='ocr_carea' id='block_1_3' title="bbox 156 2124 1782 2223">
    <p class='ocr_par' dir='ltr' id='par_1_3' title="bbox 156 2124 1782 2223">
     <span class='ocr_line' id='line_1_18' title="bbox 156 2124 1782 2223; baseline -0.003 -16"><span class='ocrx_word' id='word_1_152' title='bbox 156 2201 160 2215; x_wconf 82' lang='lat'><em>,</em></span> <span class='ocrx_word' id='word_1_153' title='bbox 284 2155 286 2160; x_wconf 84' lang='lat'>·</span> <span class='ocrx_word' id='word_1_154' title='bbox 407 2134 544 2206; x_wconf 85' lang='lat' dir='ltr'><strong>illustri</strong></span> <span class='ocrx_word' id='word_1_155' title='bbox 569 2144 604 2202; x_wconf 84' lang='lat' dir='ltr'><strong>et</strong></span> <span class='ocrx_word' id='word_1_156' title='bbox 630 2131 786 2223; x_wconf 86' lang='lat' dir='ltr'><strong>Imperio</strong></span> <span class='ocrx_word' id='word_1_157' title='bbox 813 2153 958 2222; x_wconf 88' lang='lat' dir='ltr'><strong>semper</strong></span> <span class='ocrx_word' id='word_1_158' title='bbox 984 2129 1154 2200; x_wconf 80' lang='lat' dir='ltr'><strong>exhibuit.</strong></span> <span class='ocrx_word' id='word_1_159' title='bbox 1181 2124 1417 2200; x_wconf 72' lang='lat' dir='ltr'><strong>et&#39;exhibere</strong></span> <span class='ocrx_word' id='word_1_160' title='bbox 1443 2127 1580 2220; x_wconf 85' lang='lat' dir='ltr'><strong>poterit</strong></span> <span class='ocrx_word' id='word_1_161' title='bbox 1611 2132 1649 2200; x_wconf 91' lang='lat' dir='ltr'><strong>in</strong></span> <span class='ocrx_word' id='word_1_162' title='bbox 1685 2132 1782 2202; x_wconf 81' lang='lat' dir='ltr'><strong>iutu-</strong></span> 
     </span>
    </p>
   </div>
   <div class='ocr_carea' id='block_1_4' title="bbox 407 2227 1877 2621">
    <p class='ocr_par' dir='ltr' id='par_1_4' title="bbox 407 2227 1877 2621">
     <span class='ocr_line' id='line_1_19' title="bbox 412 2227 1877 2324; baseline -0.001 -20"><span class='ocrx_word' id='word_1_163' title='bbox 412 2257 506 2304; x_wconf 85' lang='lat' dir='ltr'><strong>rum.</strong></span> <span class='ocrx_word' id='word_1_164' title='bbox 531 2234 695 2301; x_wconf 86' lang='lat' dir='ltr'><strong>volentes</strong></span> <span class='ocrx_word' id='word_1_165' title='bbox 721 2231 835 2301; x_wconf 87' lang='lat' dir='ltr'><strong>eciam</strong></span> <span class='ocrx_word' id='word_1_166' title='bbox 861 2232 935 2301; x_wconf 88' lang='lat' dir='ltr'><strong>suis</strong></span> <span class='ocrx_word' id='word_1_167' title='bbox 961 2237 997 2299; x_wconf 85' lang='lat' dir='ltr'><strong>ct</strong></span> <span class='ocrx_word' id='word_1_168' title='bbox 1028 2231 1180 2300; x_wconf 83' lang='lat' dir='ltr'><strong>ecclesie</strong></span> <span class='ocrx_word' id='word_1_169' title='bbox 1213 2251 1277 2298; x_wconf 89' lang='lat' dir='ltr'><strong>sue</strong></span> <span class='ocrx_word' id='word_1_170' title='bbox 1309 2227 1631 2322; x_wconf 87' lang='lat' dir='ltr'><strong>indempnitatihus</strong></span> <span class='ocrx_word' id='word_1_171' title='bbox 1661 2235 1785 2324; x_wconf 89' lang='lat' dir='ltr'><strong>proui·</strong></span> <span class='ocrx_word' id='word_1_172' title='bbox 1876 2269 1877 2280; x_wconf 25' lang='grc' dir='ltr'><strong>κ</strong></span> 
     </span>
     <span class='ocr_line' id='line_1_20' title="bbox 408 2328 1785 2422; baseline 0 -18"><span class='ocrx_word' id='word_1_173' title='bbox 408 2335 505 2404; x_wconf 80' lang='lat' dir='ltr'><strong>dere.</strong></span> <span class='ocrx_word' id='word_1_174' title='bbox 531 2331 576 2401; x_wconf 89' lang='lat' dir='ltr'><strong>de</strong></span> <span class='ocrx_word' id='word_1_175' title='bbox 601 2328 723 2400; x_wconf 83' lang='lat' dir='ltr'><strong>innate</strong></span> <span class='ocrx_word' id='word_1_176' title='bbox 748 2331 972 2420; x_wconf 81' lang='lat' dir='ltr'><strong>celsitudinis</strong></span> <span class='ocrx_word' id='word_1_177' title='bbox 994 2341 1118 2400; x_wconf 82' lang='lat' dir='ltr'><strong>nostre</strong></span> <span class='ocrx_word' id='word_1_178' title='bbox 1143 2329 1399 2400; x_wconf 84' lang='lat' dir='ltr'><strong>munificentia.</strong></span> <span class='ocrx_word' id='word_1_179' title='bbox 1430 2330 1610 2422; x_wconf 85' lang='lat' dir='ltr'><strong>predictas</strong></span> <span class='ocrx_word' id='word_1_180' title='bbox 1644 2343 1785 2405; x_wconf 89' lang='lat' dir='ltr'><strong>sentcn-</strong></span> 
     </span>
     <span class='ocr_line' id='line_1_21' title="bbox 407 2428 1785 2527; baseline 0.001 -23"><span class='ocrx_word' id='word_1_181' title='bbox 407 2435 477 2504; x_wconf 88' lang='lat' dir='ltr'><strong>tias</strong></span> <span class='ocrx_word' id='word_1_182' title='bbox 502 2430 770 2501; x_wconf 80' lang='lat' dir='ltr'><strong>confirmemus.</strong></span> <span class='ocrx_word' id='word_1_183' title='bbox 796 2441 835 2498; x_wconf 89' lang='lat' dir='ltr'><strong>ct</strong></span> <span class='ocrx_word' id='word_1_184' title='bbox 860 2431 963 2522; x_wconf 90' lang='lat' dir='ltr'><strong>siqua</strong></span> <span class='ocrx_word' id='word_1_185' title='bbox 989 2439 1117 2498; x_wconf 85' lang='lat' dir='ltr'><strong>contra</strong></span> <span class='ocrx_word' id='word_1_186' title='bbox 1142 2451 1202 2500; x_wconf 89' lang='lat' dir='ltr'><strong>eas</strong></span> <span class='ocrx_word' id='word_1_187' title='bbox 1228 2429 1265 2498; x_wconf 90' lang='lat' dir='ltr'><strong>in</strong></span> <span class='ocrx_word' id='word_1_188' title='bbox 1282 2428 1653 2524; x_wconf 89' lang='lat' dir='ltr'><strong>ecclesiaEystetensi</strong></span> <span class='ocrx_word' id='word_1_189' title='bbox 1668 2455 1785 2527; x_wconf 86' lang='lat' dir='ltr'><strong>usque</strong></span> 
     </span>
     <span class='ocr_line' id='line_1_22' title="bbox 411 2527 1784 2621; baseline 0.002 -21"><span class='ocrx_word' id='word_1_190' title='bbox 411 2533 457 2601; x_wconf 85' lang='lat' dir='ltr'><strong>ad</strong></span> <span class='ocrx_word' id='word_1_191' title='bbox 482 2534 550 2600; x_wconf 89' lang='lat' dir='ltr'><strong>hec</strong></span> <span class='ocrx_word' id='word_1_192' title='bbox 576 2541 742 2621; x_wconf 82' lang='lat' dir='ltr'><strong>tempore</strong></span> <span class='ocrx_word' id='word_1_193' title='bbox 767 2538 852 2598; x_wconf 88' lang='lat' dir='ltr'><strong>sunt</strong></span> <span class='ocrx_word' id='word_1_194' title='bbox 876 2541 1005 2600; x_wconf 82' lang='lat' dir='ltr'><strong>contre</strong></span> <span class='ocrx_word' id='word_1_195' title='bbox 1028 2530 1211 2600; x_wconf 88' lang='lat' dir='ltr'><strong>Justitiam</strong></span> <span class='ocrx_word' id='word_1_196' title='bbox 1237 2535 1461 2620; x_wconf 69' lang='lat' dir='ltr'><strong>attemptata.</strong></span> <span class='ocrx_word' id='word_1_197' title='bbox 1487 2531 1526 2598; x_wconf 91' lang='lat' dir='ltr'><strong>in</strong></span> <span class='ocrx_word' id='word_1_198' title='bbox 1550 2527 1695 2600; x_wconf 87' lang='lat' dir='ltr'><strong>irritum</strong></span> <span class='ocrx_word' id='word_1_199' title='bbox 1731 2555 1784 2603; x_wconf 86' lang='lat' dir='ltr'><strong>re·</strong></span> 
     </span>
    </p>
   </div>
   <div class='ocr_carea' id='block_1_5' title="bbox 260 2628 1785 2724">
    <p class='ocr_par' dir='ltr' id='par_1_5' title="bbox 260 2628 1785 2724">
     <span class='ocr_line' id='line_1_23' title="bbox 260 2628 1785 2724; baseline 0 -22"><span class='ocrx_word' id='word_1_200' title='bbox 260 2643 264 2653; x_wconf 58' lang='lat'><em>¹</em></span> <span class='ocrx_word' id='word_1_201' title='bbox 297 2705 306 2716; x_wconf 65' lang='lat'><em>,</em></span> <span class='ocrx_word' id='word_1_202' title='bbox 408 2652 595 2701; x_wconf 83' lang='lat' dir='ltr'><strong>necamus.</strong></span> <span class='ocrx_word' id='word_1_203' title='bbox 647 2632 852 2702; x_wconf 76' lang='lat' dir='ltr'><strong>statuentes</strong></span> <span class='ocrx_word' id='word_1_204' title='bbox 878 2640 914 2700; x_wconf 85' lang='lat' dir='ltr'><strong>et</strong></span> <span class='ocrx_word' id='word_1_205' title='bbox 938 2629 1120 2722; x_wconf 83' lang='lat' dir='ltr'><strong>Imperisli</strong></span> <span class='ocrx_word' id='word_1_206' title='bbox 1146 2630 1346 2703; x_wconf 73' lang='lat' dir='ltr'><strong>sancientes</strong></span> <span class='ocrx_word' id='word_1_207' title='bbox 1364 2628 1492 2718; x_wconf 87' lang='lat' dir='ltr'><strong>edicto.</strong></span> <span class='ocrx_word' id='word_1_208' title='bbox 1510 2653 1556 2700; x_wconf 92' lang='lat' dir='ltr'><strong>ne</strong></span> <span class='ocrx_word' id='word_1_209' title='bbox 1574 2629 1706 2724; x_wconf 75' lang='lat' dir='ltr'><strong>uliquis</strong></span> <span class='ocrx_word' id='word_1_210' title='bbox 1727 2633 1785 2702; x_wconf 84' lang='lat' dir='ltr'><strong>sd·</strong></span> 
     </span>
    </p>
   </div>
   <div class='ocr_carea' id='block_1_6' title="bbox 306 2729 1787 3816">
    <p class='ocr_par' dir='ltr' id='par_1_6' title="bbox 306 2729 1787 3816">
     <span class='ocr_line' id='line_1_24' title="bbox 408 2729 1785 2822; baseline 0.001 -20"><span class='ocrx_word' id='word_1_211' title='bbox 408 2742 559 2802; x_wconf 73' lang='lat' dir='ltr'><strong>uocatus</strong></span> <span class='ocrx_word' id='word_1_212' title='bbox 584 2741 646 2799; x_wconf 82' lang='lat' dir='ltr'><strong>eut</strong></span> <span class='ocrx_word' id='word_1_213' title='bbox 672 2731 813 2800; x_wconf 87' lang='lat' dir='ltr'><strong>Comes.</strong></span> <span class='ocrx_word' id='word_1_214' title='bbox 838 2731 911 2798; x_wconf 76' lang='lat' dir='ltr'><strong>elta</strong></span> <span class='ocrx_word' id='word_1_215' title='bbox 936 2751 1092 2822; x_wconf 86' lang='lat' dir='ltr'><strong>persona</strong></span> <span class='ocrx_word' id='word_1_216' title='bbox 1117 2732 1176 2798; x_wconf 78' lang='lat' dir='ltr'><strong>oel</strong></span> <span class='ocrx_word' id='word_1_217' title='bbox 1202 2731 1346 2799; x_wconf 84' lang='lat' dir='ltr'><strong>humilis</strong></span> <span class='ocrx_word' id='word_1_218' title='bbox 1373 2729 1615 2799; x_wconf 75' lang='lat' dir='ltr'><strong>ecclesiastice</strong></span> <span class='ocrx_word' id='word_1_219' title='bbox 1640 2733 1702 2800; x_wconf 88' lang='lat' dir='ltr'><strong>uel</strong></span> <span class='ocrx_word' id='word_1_220' title='bbox 1736 2755 1785 2803; x_wconf 87' lang='lat' dir='ltr'><strong>se·</strong></span> 
     </span>
     <span class='ocr_line' id='line_1_25' title="bbox 306 2824 1784 2922; baseline -0.001 -20"><span class='ocrx_word' id='word_1_221' title='bbox 306 2903 312 2920; x_wconf 72' lang='grc'><em>,</em></span> <span class='ocrx_word' id='word_1_222' title='bbox 410 2832 706 2902; x_wconf 74' lang='lat' dir='ltr'><strong>colarisccntra</strong></span> <span class='ocrx_word' id='word_1_223' title='bbox 732 2824 920 2922; x_wconf 82' lang='lat' dir='ltr'><strong>¹presentes</strong></span> <span class='ocrx_word' id='word_1_224' title='bbox 946 2830 1141 2902; x_wconf 79' lang='lat' dir='ltr'><strong>sententies</strong></span> <span class='ocrx_word' id='word_1_225' title='bbox 1168 2839 1205 2898; x_wconf 86' lang='lat' dir='ltr'><strong>et</strong></span> <span class='ocrx_word' id='word_1_226' title='bbox 1229 2850 1296 2919; x_wconf 87' lang='lat' dir='ltr'><strong>per</strong></span> <span class='ocrx_word' id='word_1_227' title='bbox 1321 2846 1388 2897; x_wconf 90' lang='lat' dir='ltr'><strong>nos</strong></span> <span class='ocrx_word' id='word_1_228' title='bbox 1413 2831 1633 2919; x_wconf 74' lang='lat' dir='ltr'><strong>approbatas</strong></span> <span class='ocrx_word' id='word_1_229' title='bbox 1656 2833 1784 2901; x_wconf 85' lang='lat' dir='ltr'><strong>uenire</strong></span> 
     </span>
     <span class='ocr_line' id='line_1_26' title="bbox 409 2923 1784 3025; baseline 0 -25"><span class='ocrx_word' id='word_1_230' title='bbox 409 2942 606 3024; x_wconf 72' lang='lat' dir='ltr'><strong>presumat.</strong></span> <span class='ocrx_word' id='word_1_231' title='bbox 656 2931 762 3025; x_wconf 79' lang='lat' dir='ltr'><strong>Quod</strong></span> <span class='ocrx_word' id='word_1_232' title='bbox 795 2931 857 3022; x_wconf 92' lang='lat' dir='ltr'><strong>qui</strong></span> <span class='ocrx_word' id='word_1_233' title='bbox 891 2923 1165 3020; x_wconf 80' lang='lat' dir='ltr'><strong>presumpserit.</strong></span> <span class='ocrx_word' id='word_1_234' title='bbox 1199 2929 1460 3020; x_wconf 84' lang='lat' dir='ltr'><strong>quinquagintn</strong></span> <span class='ocrx_word' id='word_1_235' title='bbox 1491 2929 1669 2998; x_wconf 81' lang='lat' dir='ltr'><strong>libr-nrum</strong></span> <span class='ocrx_word' id='word_1_236' title='bbox 1706 2932 1784 3007; x_wconf 87' lang='lat' dir='ltr'><strong>auri</strong></span> 
     </span>
     <span class='ocr_line' id='line_1_27' title="bbox 410 3028 1787 3121; baseline 0.001 -21"><span class='ocrx_word' id='word_1_237' title='bbox 410 3053 505 3121; x_wconf 85' lang='lat' dir='ltr'><strong>pens</strong></span> <span class='ocrx_word' id='word_1_238' title='bbox 530 3033 718 3120; x_wconf 83' lang='lat' dir='ltr'><strong>plectatur.</strong></span> <span class='ocrx_word' id='word_1_239' title='bbox 745 3048 898 3119; x_wconf 81' lang='lat' dir='ltr'><strong>querum</strong></span> <span class='ocrx_word' id='word_1_240' title='bbox 924 3030 1097 3098; x_wconf 72' lang='lat' dir='ltr'><strong>medietas</strong></span> <span class='ocrx_word' id='word_1_241' title='bbox 1123 3028 1218 3117; x_wconf 78' lang='lat' dir='ltr'><strong>perti</strong></span> <span class='ocrx_word' id='word_1_242' title='bbox 1243 3029 1356 3117; x_wconf 89' lang='lat' dir='ltr'><strong>ipsius</strong></span> <span class='ocrx_word' id='word_1_243' title='bbox 1377 3029 1547 3121; x_wconf 88' lang='lat' dir='ltr'><strong>Episcopi</strong></span> <span class='ocrx_word' id='word_1_244' title='bbox 1573 3041 1610 3098; x_wconf 87' lang='lat' dir='ltr'><strong>et</strong></span> <span class='ocrx_word' id='word_1_245' title='bbox 1635 3033 1787 3101; x_wconf 84' lang='lat' dir='ltr'><strong>ecclesie</strong></span> 
     </span>
     <span class='ocr_line' id='line_1_28' title="bbox 411 3124 1786 3222; baseline 0 -23"><span class='ocrx_word' id='word_1_246' title='bbox 411 3151 487 3200; x_wconf 84' lang='lat' dir='ltr'><strong>sue.</strong></span> <span class='ocrx_word' id='word_1_247' title='bbox 512 3130 654 3222; x_wconf 81' lang='lat' dir='ltr'><strong>reliqna</strong></span> <span class='ocrx_word' id='word_1_248' title='bbox 677 3127 767 3196; x_wconf 85' lang='lat' dir='ltr'><strong>fisco</strong></span> <span class='ocrx_word' id='word_1_249' title='bbox 792 3136 920 3195; x_wconf 87' lang='lat' dir='ltr'><strong>nostro</strong></span> <span class='ocrx_word' id='word_1_250' title='bbox 947 3127 1118 3222; x_wconf 76' lang='lat' dir='ltr'><strong>soluetur.</strong></span> <span class='ocrx_word' id='word_1_251' title='bbox 1170 3124 1226 3195; x_wconf 81' lang='lat' dir='ltr'><strong>Ad</strong></span> <span class='ocrx_word' id='word_1_252' title='bbox 1258 3127 1365 3196; x_wconf 87' lang='lat' dir='ltr'><strong>huius</strong></span> <span class='ocrx_word' id='word_1_253' title='bbox 1397 3129 1511 3219; x_wconf 81' lang='lat' dir='ltr'><strong>igitur</strong></span> <span class='ocrx_word' id='word_1_254' title='bbox 1538 3129 1590 3198; x_wconf 86' lang='lat' dir='ltr'><strong>rei</strong></span> <span class='ocrx_word' id='word_1_255' title='bbox 1616 3135 1786 3201; x_wconf 87' lang='lat' dir='ltr'><strong>memori·</strong></span> 
     </span>
     <span class='ocr_line' id='line_1_29' title="bbox 411 3224 1787 3322; baseline -0.001 -23"><span class='ocrx_word' id='word_1_256' title='bbox 411 3251 482 3299; x_wconf 83' lang='lat' dir='ltr'><strong>sm.</strong></span> <span class='ocrx_word' id='word_1_257' title='bbox 517 3236 555 3294; x_wconf 89' lang='lat' dir='ltr'><strong>et</strong></span> <span class='ocrx_word' id='word_1_258' title='bbox 585 3225 711 3295; x_wconf 87' lang='lat' dir='ltr'><strong>rcbnr&#39;</strong></span> <span class='ocrx_word' id='word_1_259' title='bbox 731 3233 910 3315; x_wconf 84' lang='lat' dir='ltr'><strong>perpetuo</strong></span> <span class='ocrx_word' id='word_1_260' title='bbox 941 3225 1136 3293; x_wconf 80' lang='lat' dir='ltr'><strong>celitur-um</strong></span> <span class='ocrx_word' id='word_1_261' title='bbox 1171 3245 1340 3315; x_wconf 72' lang='lat' dir='ltr'><strong>praesens</strong></span> <span class='ocrx_word' id='word_1_262' title='bbox 1373 3224 1607 3318; x_wconf 83' lang='lat' dir='ltr'><strong>priuilegium</strong></span> <span class='ocrx_word' id='word_1_263' title='bbox 1631 3229 1724 3322; x_wconf 78' lang='lat' dir='ltr'><strong>fieri.</strong></span> <span class='ocrx_word' id='word_1_264' title='bbox 1751 3241 1787 3300; x_wconf 87' lang='lat' dir='ltr'><strong>et</strong></span> 
     </span>
     <span class='ocr_line' id='line_1_30' title="bbox 409 3323 1786 3416; baseline 0.001 -18"><span class='ocrx_word' id='word_1_265' title='bbox 409 3329 510 3398; x_wconf 85' lang='lat' dir='ltr'><strong>bulla</strong></span> <span class='ocrx_word' id='word_1_266' title='bbox 534 3347 645 3395; x_wconf 80' lang='lat' dir='ltr'><strong>aures</strong></span> <span class='ocrx_word' id='word_1_267' title='bbox 670 3323 815 3414; x_wconf 83' lang='lat' dir='ltr'><strong>tijpsrio</strong></span> <span class='ocrx_word' id='word_1_268' title='bbox 840 3335 965 3395; x_wconf 86' lang='lat' dir='ltr'><strong>nostre</strong></span> <span class='ocrx_word' id='word_1_269' title='bbox 984 3323 1196 3416; x_wconf 82' lang='lat' dir='ltr'><strong>Magcstntls</strong></span> <span class='ocrx_word' id='word_1_270' title='bbox 1220 3325 1406 3416; x_wconf 82' lang='lat' dir='ltr'><strong>impresse.</strong></span> <span class='ocrx_word' id='word_1_271' title='bbox 1432 3328 1602 3398; x_wconf 85' lang='lat' dir='ltr'><strong>iussimus</strong></span> <span class='ocrx_word' id='word_1_272' title='bbox 1623 3349 1786 3400; x_wconf 87' lang='lat' dir='ltr'><strong>commn-</strong></span> 
     </span>
     <span class='ocr_line' id='line_1_31' title="bbox 402 3415 1784 3517; baseline 0.003 -21"><span class='ocrx_word' id='word_1_273' title='bbox 402 3427 495 3497; x_wconf 76' lang='lat' dir='ltr'><strong>&#39;niri</strong></span> <span class='ocrx_word' id='word_1_274' title='bbox 546 3423 662 3495; x_wconf 89' lang='lat' dir='ltr'><strong>Huius</strong></span> <span class='ocrx_word' id='word_1_275' title='bbox 687 3425 742 3493; x_wconf 86' lang='lat' dir='ltr'><strong>rei</strong></span> <span class='ocrx_word' id='word_1_276' title='bbox 768 3435 877 3494; x_wconf 86' lang='lat' dir='ltr'><strong>testes</strong></span> <span class='ocrx_word' id='word_1_277' title='bbox 903 3435 998 3493; x_wconf 85' lang='lat' dir='ltr'><strong>sunt.</strong></span> <span class='ocrx_word' id='word_1_278' title='bbox 1048 3415 1086 3492; x_wconf 57' lang='grc' dir='ltr'><strong>δέ</strong></span> <span class='ocrx_word' id='word_1_279' title='bbox 1109 3425 1784 3517; x_wconf 80' lang='lat' dir='ltr'><strong>Archiepiscopns·Magnntinustotius</strong></span> 
     </span>
     <span class='ocr_line' id='line_1_32' title="bbox 412 3511 1782 3618; baseline -0.001 -21"><span class='ocrx_word' id='word_1_280' title='bbox 412 3525 606 3597; x_wconf 69' lang='lat' dir='ltr'><strong>Germanic</strong></span> <span class='ocrx_word' id='word_1_281' title='bbox 641 3523 987 3594; x_wconf 79' lang='lat' dir='ltr'><strong>Archicanocllarius</strong></span> <span class='ocrx_word' id='word_1_282' title='bbox 1023 3511 1065 3591; x_wconf 84' lang='lat' dir='ltr'><strong>E.</strong></span> <span class='ocrx_word' id='word_1_283' title='bbox 1109 3523 1429 3617; x_wconf 71' lang='lat' dir='ltr'><strong>papembergensis</strong></span> <span class='ocrx_word' id='word_1_284' title='bbox 1462 3511 1675 3618; x_wconf 81' lang='lat' dir='ltr'><strong>Episcopus.</strong></span> <span class='ocrx_word' id='word_1_285' title='bbox 1737 3531 1782 3598; x_wconf 83' lang='grc' dir='ltr'><strong>Η.</strong></span> 
     </span>
     <span class='ocr_line' id='line_1_33' title="bbox 409 3620 1782 3700; baseline 0.004 -5"><span class='ocrx_word' id='word_1_286' title='bbox 409 3620 575 3695; x_wconf 82' lang='lat' dir='ltr'><strong>Msrclsio</strong></span> <span class='ocrx_word' id='word_1_287' title='bbox 599 3625 645 3693; x_wconf 84' lang='lat' dir='ltr'><strong>ds</strong></span> <span class='ocrx_word' id='word_1_288' title='bbox 670 3624 805 3694; x_wconf 83' lang='lat' dir='ltr'><strong>Badsn.</strong></span> <span class='ocrx_word' id='word_1_289' title='bbox 854 3623 984 3694; x_wconf 81' lang='lat' dir='ltr'><strong>Comes</strong></span> <span class='ocrx_word' id='word_1_290' title='bbox 1009 3625 1238 3693; x_wconf 83' lang='lat' dir='ltr'><strong>Hermsnnus</strong></span> <span class='ocrx_word' id='word_1_291' title='bbox 1262 3623 1308 3692; x_wconf 78' lang='lat' dir='ltr'><strong>tle</strong></span> <span class='ocrx_word' id='word_1_292' title='bbox 1334 3623 1587 3697; x_wconf 83' lang='lat' dir='ltr'><strong>Ortcmburch.</strong></span> <span class='ocrx_word' id='word_1_293' title='bbox 1620 3626 1782 3700; x_wconf 77' lang='lat' dir='ltr'><strong>uberem</strong></span> 
     </span>
     <span class='ocr_line' id='line_1_34' title="bbox 411 3721 1500 3816; baseline -0.002 -20"><span class='ocrx_word' id='word_1_294' title='bbox 411 3723 457 3796; x_wconf 81' lang='lat' dir='ltr'><strong>de</strong></span> <span class='ocrx_word' id='word_1_295' title='bbox 482 3725 587 3797; x_wconf 83' lang='lat' dir='ltr'><strong>Eme.</strong></span> <span class='ocrx_word' id='word_1_296' title='bbox 637 3721 849 3816; x_wconf 78' lang='lat' dir='ltr'><strong>Englardus</strong></span> <span class='ocrx_word' id='word_1_297' title='bbox 867 3723 912 3794; x_wconf 83' lang='lat' dir='ltr'><strong>de</strong></span> <span class='ocrx_word' id='word_1_298' title='bbox 937 3723 1058 3793; x_wconf 78' lang='lat' dir='ltr'><strong>Nidek</strong></span> <span class='ocrx_word' id='word_1_299' title='bbox 1082 3733 1120 3791; x_wconf 85' lang='lat' dir='ltr'><strong>st</strong></span> <span class='ocrx_word' id='word_1_300' title='bbox 1144 3722 1340 3816; x_wconf 79' lang='lat' dir='ltr'><strong>siliquam</strong></span> <span class='ocrx_word' id='word_1_301' title='bbox 1365 3725 1500 3815; x_wconf 85' lang='lat' dir='ltr'><strong>plures.</strong></span> 
     </span>
    </p>
   </div>
   <div class='ocr_carea' id='block_1_7' title="bbox 413 3935 1785 4058">
    <p class='ocr_par' dir='ltr' id='par_1_7' title="bbox 413 3935 1785 4058">
     <span class='ocr_line' id='line_1_35' title="bbox 413 3935 1785 4058; baseline 0.002 -30"><span class='ocrx_word' id='word_1_302' title='bbox 413 3939 592 4056; x_wconf 84' lang='lat' dir='ltr'><strong>Signum</strong></span> <span class='ocrx_word' id='word_1_303' title='bbox 619 3935 796 4026; x_wconf 89' lang='lat' dir='ltr'><strong>Domini</strong></span> <span class='ocrx_word' id='word_1_304' title='bbox 824 3935 1036 4053; x_wconf 78' lang='lat' dir='ltr'><strong>Fridericj</strong></span> <span class='ocrx_word' id='word_1_305' title='bbox 1070 3936 1246 4027; x_wconf 88' lang='lat' dir='ltr'><strong>secundi</strong></span> <span class='ocrx_word' id='word_1_306' title='bbox 1275 3937 1361 4028; x_wconf 89' lang='lat' dir='ltr'><strong>Dei</strong></span> <span class='ocrx_word' id='word_1_307' title='bbox 1395 3939 1530 4058; x_wconf 84' lang='lat' dir='ltr'><strong>gretie</strong></span> <span class='ocrx_word' id='word_1_308' title='bbox 1558 3939 1785 4032; x_wconf 85' lang='lat' dir='ltr'><strong>Inuictissi·</strong></span> 
     </span>
    </p>
   </div>
   <div class='ocr_carea' id='block_1_8' title="bbox 0 0 1908 4722">
    <p class='ocr_par' dir='ltr' id='par_1_8' title="bbox 0 0 1908 4722">
     <span class='ocr_line' id='line_1_36' title="bbox 0 0 1908 4722; baseline 0 0"><span class='ocrx_word' id='word_1_309' title='bbox 0 0 1908 4722; x_wconf 95' lang='lat' dir='ltr'><strong> </strong></span> 
     </span>
    </p>
   </div>
  </div>
 </body>
</html>
