3870 4718
397 311 483 418 84‘
792 312 1039 432 Diplomata
1066 279 1380 430 hoperatorun

287 571 292 578 ·
397 551 715 652 predecessoribus
749 551 882 624 nostris
914 549 1048 624 inclitis
1074 551 1177 622 Rom.
1203 551 1379 642 Regibus
1399 551 1550 622 meite.
1569 565 1606 625 et
1622 555 1772 630 tntum

398 655 610 728 dinoscitur.
638 675 746 746 quem
772 673 839 724 nos
864 675 1010 746 quoque
1034 653 1293 744 approbemus.
1316 662 1354 722 vt
1373 648 1596 725 siDeminos
1610 655 1770 750 imperii.

397 761 442 828 nb
468 757 556 849 ipsis
576 763 736 826 etevrem
765 753 896 843 exiget.
923 774 996 822 non
1022 752 1282 845 particulatim·
1327 753 1397 822 Sed
1425 754 1463 822 in
1478 759 1679 828 communi.
1694 761 1771 853 qui-

394 859 484 928 libet
509 878 576 946 pro
600 875 707 945 posse
733 873 798 923 suo
826 855 1037 944 persoluere
1070 853 1224 944 debent„
1269 855 1360 921 ltem
1394 853 1432 922 in
1468 853 1641 927 nundinis
1666 857 1771 930 Wer·⁸

396 957 472 1027 dee.
500 955 589 1024 cinis
615 954 962 1044 Noorembergensis
989 975 1071 1024 cum
1097 949 1264 1022 Deonriis
1283 953 1696 1046 Nuorembergensibne.
1724 962 1769 1034 ds

394 1059 475 1127 iure
499 1055 666 1125 'cembiet-
692 1066 728 1124 et
752 1057 857 1124 Emet
882 1075 1010 1122 surum
1036 1065 1072 1122 et
1103 1062 1304 1144 urgentem.
1336 1064 1373 1122 et
1405 1076 1511 1123 nemo
1545 1059 1766 1147 prohibebit.

395 1158 569 1228 Similiter
595 1153 631 1222 in
658 1153 827 1230 nundinis
854 1153 1111 1244 Nordelingen.
1165 1154 1254 1222 Com
1269 1153 1767 1252 DensriisNuorembergeu·

396 1259 506 1330 sibus.
533 1266 654 1326 ement
678 1266 715 1328 et
741 1254 920 1322 cembisnt
948 1276 1076 1322 surum
1101 1263 1139 1322 et
1163 1262 1363 1343 argentum.
1424 1257 1471 1324 Et
1496 1257 1671 1351 Megisten
1695 1263 1770 1332 Nu.

335 1437 339 1443 ,
394 1355 663 1449 rembergensis
690 1364 856 1424 monetes
881 1353 967 1423 illuc
993 1355 1062 1423 ibit
1088 1354 1118 1424 si
1142 1353 1313 1424 uoluerit.
1339 1363 1375 1422 et
1396 1355 1573 1426 Densrios
1599 1379 1664 1428 sue
1689 1381 1766 1432 mo·

395 1470 478 1532 nete
503 1457 555 1527 ibi
581 1455 763 1526 formabit.
815 1455 942 1524 Nullos
962 1453 1313 1544 Noorernbergensis
1339 1453 1376 1520 in
1403 1455 1649 1528 celebratione
1665 1462 1766 1533 curis
1836 1539 1840 1544 ,

394 1560 541 1650 Regnlis
576 1557 723 1625 ibidem.
759 1555 804 1622 ds
837 1555 1020 1646 aliquibus
1052 1555 1162 1623 rebus
1193 1554 1268 1622 suis
1299 1556 1419 1624 soluet
1446 1549 1666 1629 theloneum.
1726 1561 1791 1652 In¹¹

394 1664 511 1730 osche.
547 1655 887 1753 Nurembsrgenses
908 1676 983 1725 non
1008 1651 1123 1745 megis
1149 1655 1293 1723 soloent
1311 1655 1469 1724 thelonei
1485 1656 1539 1724 De
1556 1659 1666 1730 rebus
1680 1663 1768 1732 suis.

395 1781 504 1854 quem
530 1757 647 1826 Neute
672 1755 716 1822 de
742 1755 827 1824 neni
851 1776 927 1824 sue.
977 1756 1031 1822 De
1055 1753 1254 1844 Retisponn
1270 1775 1385 1845 usque
1402 1755 1609 1826 Petteuinm.
1626 1763 1767 1831 nodum
1908 1772 1913 1785 ·

395 1863 538 1932 solosnt
563 1858 782 1925 tholoneum.
836 1854 875 1924 ln
902 1851 1048 1923 ciuitnte
1076 1853 1333 1930 wormatiensi.
1366 1854 1406 1924 in
1436 1854 1682 1930 festosencti
1707 1861 1770 1933 Jo-

394 1959 525 2030 bsnnis
549 1956 722 2047 baptiste.
748 1954 779 2044 si
804 1953 1283 2044 nnus'Nuorembergsnsis.
1337 1953 1446 2024 Dsbit
1471 1955 1607 2028 ibidem
1634 1961 1770 2034 librom

395 2081 507 2132 unam
530 2056 678 2148 piperis.
704 2067 743 2126 et
768 2055 856 2126 dues
875 2053 1098 2124 Cirotheces.
1128 2060 1251 2136 *Anno
1276 2053 1340 2124 illo
1365 2057 1476 2125 nichil
1501 2055 1600 2126 eliud
1624 2064 1771 2132 soluent
1844 2149 1852 2164 ⁸
1918 2054 1920 2072 ⁴

395 2162 455 2234 vel
478 2158 631 2249 emplius
657 2156 1027 2247 Noorembergenses.
1077 2153 1289 2226 ln.oioitste
1307 2155 1468 2248 Spirensi
1495 2159 1604 2228 nichil
1623 2163 1772 2235 returns

394 2259 764 2349 Nuorembergenses.
814 2259 860 2326 Et
894 2277 1095 2328 econuerso
1121 2256 1310 2348 spirenses
1343 2256 1455 2326 nichil
1489 2260 1636 2330 solnunt
1665 2251 1769 2356 epod

394 2359 680 2430 Nooremberoh.
729 2357 777 2427 Vt
802 2357 918 2448 igitur
941 2353 1009 2426 hec
1031 2365 1175 2426 nostres
1196 2357 1442 2428 renouetionis
1457 2359 1616 2455 largitos.
1630 2370 1669 2430 et
1682 2382 1769 2433 con·

394 2457 610 2530 firmationis
636 2458 786 2528 sanctio.
812 2467 1028 2548 perpetuum
1054 2457 1206 2546 recipiet
1220 2457 1397 2548 uigorem.
1417 2469 1525 2550 etque
1539 2461 1768 2552 inposterum

392 2557 625 2631 inviolabiter
659 2554 948 2640 (indelebiliter)
985 2557 1214 2626 obser-uetur.
1247 2560 1317 2628 hoc
1351 2559 1536 2649 seriptum.
1575 2561 1660 2630 inde
1684 2563 1768 2635 fieri

389 2657 564 2732 iussimus
590 2655 709 2748 sigillo
734 2657 850 2747 Regio
876 2657 1072 2728 maiestatis
1097 2659 1368 2728 communitum.
1395 2659 1619 2730 mentientes.
1644 2664 1767 2734 etsob

390 2759 682 2832 interminatione
709 2756 855 2828 Gretine
880 2769 1027 2828 nostroe
1053 2757 1260 2830 districtius.
1279 2781 1356 2828 nec
1388 2781 1460 2830 non
1496 2761 1564 2829 sub
1597 2762 1766 2852 periculo

391 2883 519 2948 rerum!
542 2870 579 2930 et
603 2881 842 2952 personarum
868 2859 1121 2950 precipientes.
1146 2882 1192 2929 ne
1217 2862 1288 2929 vlle
1314 2859 1461 2928 omnino
1494 2881 1661 2950 persons.
1698 2863 1766 2934 hu·

389 2963 485 3034 milis
511 2963 568 3034 sel
593 2964 675 3029 nltn
703 2960 875 3030 secnlsris
903 2960 981 3030 siue
1005 2959 1260 3029 ecclesiastice.
1288 2960 1361 3026 rllo
1395 2981 1566 3050 umquem
1601 2971 1767 3054 tempore
1801 3049 1804 3058 ,

390 3065 426 3134 ei
452 3059 702 3133 contradicere
728 3069 927 3148 presumat.
952 3059 1008 3124 vel
1029 3057 1152 3148 aliquo
1169 3079 1258 3125 soso
1273 3057 1485 3127 temeritatis
1502 3063 1765 3136 controuenire.

391 3165 529 3238 Testes.
568 3157 814 3228 Eberherdos.
850 3155 1122 3246 Selsburgensis
1147 3154 1468 3246 ArcbiEpisc'opue.
1505 3158 1603 3228 Otto.
1635 3159 1769 3236 Frisiu-

389 3261 514 3355 'gensis
539 3257 750 3349 Episcopus.
786 3253 1004 3326 Her-twinus.
1030 3253 1240 3326 Eistetensis
1265 3255 1492 3347 Episcopus.
1506 3259 1670 3331 Sifridnr.
1696 3267 1768 3334 Au·

389 3360 571 3454 grestensis
595 3357 798 3447 Episcopus
825 3403 980 3425 .....
1014 3351 1194 3449 Aquensis
1219 3357 1437 3448 prepositus
1471 3359 1675 3432 lodwicus.
1702 3364 1770 3437 Co·

389 3483 469 3536 roes
495 3459 673 3551 pristinus
698 3452 802 3526 neni.
828 3464 866 3526 et
891 3457 974 3526 Dux
999 3453 1172 3528 bewerie.
1209 3457 1420 3548 liupoldus.
1452 3459 1537 3526 Dux
1560 3462 1705 3534 Auchis
1731 3475 1770 3535 et

389 3562 523 3640 stiriae.
573 3557 816 3630 Bernherdus.
857 3559 942 3626 Dux
981 3557 1183 3627 llerinthie.
1237 3557 1366 3628 Comes
1406 3557 1510 3648 Egno
1549 3559 1680 3631 dnnior
1719 3562 1769 3636 ds

389 3664 518 3732 Vrech.
570 3658 761 3728 Heinricus
797 3659 931 3730 nobilis
955 3659 1010 3730 De
1035 3657 1141 3728 Niffe.
1190 3657 1319 3728 Comes
1346 3655 1583 3730 Ghuonrndus
1608 3661 1764 3748 qucrn·

390 3761 473 3832 nius
498 3761 544 3830 de
569 3758 859 3831 Nooremberch.
908 3805 1069 3834 .....
1120 3754 1290 3828 Meschio'
1311 3761 1365 3827 De
1391 3755 1527 3828 Bnden.
1576 3762 1767 3841 Anselmus

389 3863 445 3930 De
471 3856 674 3949 Jmtingen.
726 3859 964 3930 Merescnlcus
989 3857 1147 3950 Imperii.
1199 3853 1457 3949 Ph;;(ilippus)
1484 3857 1529 3928 de
1554 3856 1764 3936 berlendis.

389 3970 427 4032 et
452 3961 512 4031 elii
538 3959 673 4049 plures.
711 3956 878 4050 signum
905 3959 1051 4029 Domini
1076 3955 1255 4028 Friderici
1274 3952 1615 4052 (Monogrummo)
1630 3961 1765 4054 Rom.

388 4081 521 4136 norom
545 4060 656 4153 Regis
681 4069 720 4132 st
744 4080 888 4156 semper
911 4058 1065 4155 segeni
1091 4067 1127 4132 et
1150 4055 1304 4152 gloriosi
1327 4058 1438 4152 Regis
1471 4058 1585 4133 sicilie
1615 4061 1658 4133 in
1679 4082 1764 4156 per·
