3746 4720
351 347 440 436 284
744 339 988 457 Diplomata
1015 338 1328 457 Imperatorum

270 603 277 620 ¹
356 555 511 648 alienum
538 571 584 646 ad
610 595 647 646 se
672 597 744 647 non
771 575 956 668 pertinens
980 569 1072 647 falso
1098 576 1168 647 sibi
1193 593 1371 673 usurpem
1396 593 1492 650 uem
1465 571 1644 646 'dominii
1666 595 1724 669 po·

354 687 540 762 testatem,
566 677 669 767 quasi
694 678 941 746 mercenarius
966 687 1003 746 et
1029 697 1100 745 non
1126 687 1265 768 pastor,
1290 675 1478 765 Proposito
1497 678 1723 752 etMonaste·

355 779 412 845 rio
438 777 475 844 in
501 776 870 870 Bergisersgademe
858 797 923 846 rus
941 776 1038 866 quod
1063 797 1136 845 non
1162 775 1306 860 habuit,
1344 775 1477 844 furtiue
1513 784 1548 844 et
1566 776 1724 844 clamde-

357 877 452 946 stine
466 877 709 991 'recognouim
735 877 848 967 pactis
874 885 910 944 et
935 874 1036 944 factis
1061 875 1196 944 illicitis
1221 865 1562 961 interuenientibus,
1588 871 1724 944 utdici·

357 987 438 1059 tur,
463 975 502 1043 in
526 971 666 1092 preiatc
692 976 819 1046 domus
844 974 1121 1066 preiudioium
1110 973 1279 1043 iniuriam
1304 984 1341 1042 et
1364 982 1579 1065 grauamen,
1605 974 1726 1044 nichil
1821 1059 1827 1065 ι

355 1077 498 1144 ominus
524 1075 751 1167 iniquitatem
779 1075 911 1145 addens
937 1073 1138 1166 iniquitati,
1176 1083 1212 1143 et
1237 1073 1361 1142 laxatis
1388 1074 1536 1144 habenis
1562 1077 1726 1165 uolupta-

354 1185 429 1242 tum
458 1195 525 1264 per
551 1195 696 1265 campos
720 1173 871 1245 abusiue
892 1175 1037 1243 licentia
1057 1195 1212 1264 euagone
1233 1183 1269 1242 et
1285 1170 1503 1258 discurrens,
1529 1172 1653 1242 dotem
1671 1193 1725 1243 ee·

355 1274 465 1342 clesie
490 1274 732 1363 supradicte
721 1299 759 1346 ιιι
784 1275 905 1344 dotem
930 1274 1042 1342 scorti
1066 1283 1102 1346 et
1127 1273 1250 1363 spurie
1275 1273 1387 1363 prolis
1414 1293 1478 1342 sue
1509 1283 1724 1342 conuertens

356 1371 525 1441 donando
550 1373 834 1466 inpignoraudo,
863 1385 899 1446 et
925 1375 1010 1443 alias
1037 1374 1104 1470 sub
1130 1373 1248 1441 forma
1273 1373 1501 1443 diuersorum
1527 1375 1726 1462 tytulorum
1754 1365 1762 1377 '

355 1472 545 1545 alienando
572 1475 658 1554 Jesu
685 1475 817 1544 Christi
844 1473 1098 1566 patrimonium
1126 1469 1360 1562 dilapidauit,
1399 1480 1435 1556 et
1468 1471 1727 1545 miserabiliter

250 1615 252 1620 ·
355 1595 397 1642 ac
424 1571 624 1641 enormiter
648 1573 831 1642 lacerauit.
885 1572 979 1640 Sane
1005 1594 1086 1640 cum
1111 1571 1317 1641 huiusmodi
1352 1572 1536 1640 notoriam
1571 1573 1727 1641 enormi·

354 1679 463 1740 tatem
490 1672 561 1738 iam
587 1693 658 1740 non
685 1671 838 1740 fratrum
865 1673 1014 1758 relatio,
1040 1671 1102 1741 scd
1128 1668 1239 1740 totius
1265 1671 1368 1762 uulgi
1393 1669 1564 1739 clamor
1554 1694 1591 1739 ιιι
1614 1675 1727 1740 altum

355 1769 569 1856 ascendens,
595 1783 632 1840 et
657 1793 729 1840 non
757 1773 872 1841 ιοΙιιιιι
899 1771 1045 1862 publica
1072 1764 1222 1858 fama,
1210 1791 1322 1840 nmmo
1348 1771 1426 1861 ipsa
1452 1773 1519 1838 Rei
1546 1771 1727 1840 euidentia

355 1881 482 1938 nostro
509 1871 657 1938 culmini
682 1870 910 1951 declarasset,
938 1892 1019 1940 oum
1046 1891 1090 1939 ex
1114 1871 1240 1940 debito
1265 1871 1397 1961 regalis
1416 1869 1638 1939 celsitudinis
1653 1891 1729 1940 om

354 1971 455 2038 nium
482 1971 626 2061 quidem
653 1968 886 2041 ecclesiarum
913 1971 1050 2040 adnue
1074 1972 1254 2061 pertineat
1274 1970 1500 2056 sollicitudo,
1523 1971 1730 2062 specialiter·

297 2089 299 2094 ’
357 2079 477 2140 autem
503 2092 548 2139 ex
575 2071 767 2142 commisso
793 2067 870 2141 diui
895 2070 1008 2160 patris
1032 2070 1147 2142 noalri
1172 2091 1258 2162 sepe
1284 2071 1379 2140 dicte
1405 2069 1534 2140 domus
1553 2092 1648 2156 cura,
1667 2092 1727 2139 cu·

355 2170 412 2236 ius
439 2168 569 2246 fratres
595 2171 737 2264 proprii
763 2171 947 2260 sanguinis
973 2180 1056 2240 sunt
1081 2171 1225 2261 prodigi
1245 2192 1313 2262 pro
1329 2171 1568 2262 ampliacione
1584 2191 1727 2240 accon·

354 2269 560 2338 seruatioue
586 2268 668 2338 fidei
695 2270 901 2342 orthodoxe
928 2268 973 2338 de
998 2270 1212 2362 prudentum
1240 2281 1276 2339 et
1300 2264 1590 2360 iurisperitorum
1614 2265 1730 2340 consi·

354 2369 406 2436 lio
438 2369 713 2459 dilapidatorem
746 2369 985 2454 antedictum,
1020 2369 1081 2460 qui
1112 2369 1170 2438 die
1198 2368 1273 2437 Sibi
1306 2381 1341 2438 et
1375 2370 1548 2440 fratribus
1574 2394 1595 2439 a
1620 2371 1727 2440 nohis

347 2464 494 2556 ‘pretim
520 2478 703 2561 tamquam
729 2469 774 2539 de
800 2470 880 2538 iure
906 2489 971 2538 suo
999 2468 1175 2556 diffidens,
1215 2491 1282 2538 nec
1317 2470 1538 2560 comparuit,
1570 2489 1640 2538 nec
1672 2492 1727 2540 re·

356 2568 560 2656 sponsalem
586 2567 732 2642 mittere
754 2569 914 2658 curaui,
948 2589 1016 2639 nec
1042 2569 1239 2662 quidquam
1264 2568 1309 2637 de
1335 2569 1414 2638 iure
1439 2589 1524 2648 suo,
1562 2570 1593 2638 ai
1628 2569 1728 2662 quod

355 2665 501 2755 habuit,
527 2669 669 2757 docuit,
695 2672 787 2742 sicut
813 2669 992 2742 facturum
1018 2690 1057 2747 ee
1085 2691 1208 2742 earam
1235 2669 1339 2740 nobis
1365 2669 1637 2761 expressissime
1663 2671 1728 2740 ob·

355 2766 502 2859 ligauit,
529 2791 610 2840 cum
637 2771 790 2870 ppedioti
816 2771 984 2843 fratres
974 2789 1055 2862 apso
1079 2771 1139 2842 die
1164 2771 1245 2840 de'
1234 2788 1313 2839 rure
1336 2772 1403 2840 luo
1429 2779 1502 2838 tam
1531 2785 1603 2861 per
1617 2770 1729 2860 priui-

354 2867 489 2956 legium
518 2868 746 2943 serenissimi
771 2873 884 2962 patris
910 2873 1048 2958 nostri,
1076 2891 1183 2963 quam
1210 2893 1276 2960 per
1301 2871 1406 2942 uiuos
1432 2879 1540 2940 testes
1566 2871 1730 2960 plenissi-

354 2987 414 3034 me
440 2989 506 3038 nos
530 2970 793 3056 instruxerint,
810 2981 844 3039 et
870 2982 996 3062 aperte
1022 2971 1067 3038 ab
1092 2969 1413 3043 amministratione
1431 2969 1544 3062 ipsius
1562 2970 1726 3055 ecclesie,

355 3087 461 3154 quam
488 3069 696 3138 excessibus
723 3071 797 3139 suis
823 3068 1014 3150 demeruit,
1040 3068 1207 3138 duximus
1233 3067 1484 3154 amouendum,
1510 3091 1591 3138 cum
1612 3069 1729 3138 Priui-

353 3163 490 3281 lcpimp
526 3177 692 3237 teneatur
723 3168 907 3252 amittere,
948 3166 1011 3261 qui
1047 3161 1234 3256 permissa*
1255 3168 1324 3238 sibi
1351 3165 1511 3238 abutitur
1535 3179 1727 3260 potestate.

356 3263 446 3331 unm
473 3261 585 3353 igitur
610 3265 741 3335 fratres
767 3265 937 3336 antedicti
963 3265 1057 3356 patri
1083 3275 1209 3338 nostro
1234 3278 1270 3338 et
1295 3269 1408 3338 Nobis
1441 3268 1515 3340 suis
1550 3265 1729 3359 erigenti·

273 3457 277 3464 ἱ
352 3361 423 3432 hus
452 3363 590 3434 meritis
616 3365 737 3436 dilecti
763 3365 903 3457 pariter
927 3377 964 3437 et
990 3368 1130 3458 accepti
1155 3369 1421 3460 possessionem
1446 3368 1628 3440 ecclesie
1619 3369 1727 3436 rnEl·

312 3539 313 3556 χ
351 3459 488 3578 lingon,
515 3485 637 3554 quum
646 3464 700 3533 in
709 3475 881 3547 nostram,
908 3477 948 3536 ut
968 3465 1199 3557 prediximus,
1228 3467 1472 3538 defensionem
1493 3468 1730 3558 suscepimus,

352 3581 399 3629 ne
425 3562 549 3655 iniqua
576 3560 865 3638 machinationis
874 3567 996 3636 sardio
1019 3565 1219 3656 deperiret,
1237 3567 1430 3638 humiliter
1453 3577 1663 3658 repeterent
1691 3578 1729 3636 et

353 3659 494 3747 deuote,
520 3663 595 3733 Nos
621 3663 666 3733 de
693 3663 843 3736 oonsilio
870 3666 1083 3736 venerabilis
1098 3667 1268 3758 Episcopi
1291 3667 1576 3752 wormatiensis,
1602 3665 1733 3736 dilecti

352 3780 395 3827 ac
420 3757 606 3833 familiaris
622 3763 800 3856 Principis
826 3765 954 3849 nostri,
980 3785 1121 3834 necnon
1147 3766 1268 3836 dilecti
1295 3767 1550 3856 consanguinei
1575 3776 1612 3836 et
1630 3767 1730 3835 Pria·

354 3859 444 3948 cipis
471 3863 585 3931 nostri
604 3864 770 3934 Heinrici
796 3861 1008 3956 Lantgrauii
1035 3865 1252 3954 Thuringie,
1282 3866 1430 3936 Comitis
1450 3864 1601 3936 Palatini
1618 3865 1731 3934 Saxo·

353 3958 414 4025 nie
440 3982 546 4052 quem
572 3968 753 4056 Augustus
779 3975 882 4056 pater
907 3974 1031 4036 noster
1055 3975 1332 4055 procuratorem
1358 3965 1471 4034 Nobis
1498 3977 1543 4041 et
1569 3965 1725 4055 lmperio

354 4055 541 4147 deputauit
561 4085 634 4152 per
657 4063 907 4151 Germaniam,
945 4077 1086 4164 necnon
1111 4063 1157 4133 de
1184 4064 1334 4134 consilio
1362 4063 1405 4132 G.
1418 4064 1480 4136 de
1502 4066 1725 4137 llolacnloha
