3804 4718
393 380 486 487 150
730 461 736 472 ,
786 367 1035 489 Diplomette¹
1066 361 1381 484 imperatorum

886 771 1294 893 DCLXXXIV.

643 1026 738 1120 duno
770 1028 864 1087 1222.
921 1026 971 1084 to.
997 1013 1175 1099 Septembr.
1225 1013 1310 1128 epod
1336 1009 1547 1112 Onoloesbae.

381 1308 385 1322 ,
409 1221 635 1314 Heinricus
652 1213 748 1308 VII:
775 1198 855 1300 rer
871 1211 1177 1300 monasterium
1199 1205 1471 1296 Halsburnen
1491 1201 1783 1316 (Heilsbrunn)

409 1343 454 1431 in
490 1335 720 1457 specialem
756 1331 965 1450 recipiens
995 1329 1331 1450 protectionem,
1371 1326 1413 1414 ei
1450 1323 1683 1431 interdicit,
1729 1351 1783 1410 ne

411 1460 583 1548 cuidem
619 1489 676 1544 ex
712 1437 833 1570 pnite
870 1480 948 1538 sua
984 1478 1147 1564 equum
1176 1466 1398 1564 praestet‚‚
1427 1445 1509 1534 nisi
1536 1446 1582 1532 in
1612 1439 1785 1558 speciali

469 1575 739 1694 expeditione
768 1599 847 1658 sua
874 1599 954 1687 per
973 1566 1315 1684 Buttigularinm·
1334 1593 1464 1654 suunt
1490 1565 1545 1654 de
1564 1560 1740 1654 Nuria*

525 1715 529 1722 ’
767 1688 872 1774 bere
899 1685 1075 1804 abipso
1105 1683 1427 1800 requirendum.

412 1859 577 2018 Hvssffl
610 1915 1000 2011 gratioitomanorum
1025 1919 1104 1987 Rex
1134 1925 1171 1986 et
1202 1891 1347 2006 semper
1378 1914 1567 2005 angustus.
1604 1865 1817 1986 sniuersis¹

411 2035 557 2130 imperii
583 2034 747 2104 fidelibus
773 2057 922 2126 presens
947 2036 1124 2126 seriptum
1149 2033 1371 2103 intuentibus
1398 2032 1436 2099 in
1460 2042 1687 2124 perpetuum.
1732 2035 1786 2102 Ex
1891 2035 1893 2112 f

319 2135 328 2158 ⁸
403 2135 652 2210 insinuatione
677 2137 900 2226 presentium
927 2136 973 2206 ad
999 2135 1168 2205 noticiam
1194 2135 1446 2203 vniuersornm
1473 2133 1640 2202 uolumus
1658 2155 1787 2225 perne·

410 2238 502 2308 nire.
530 2235 629 2328 quod
653 2236 880 2304 attendentes
912 2237 1131 2318 dilectorum
1169 2246 1375 2304 nostrorum
1400 2231 1609 2301 fidelitatem
1641 2233 1786 2306 abbatis
1893 2249 1894 2266 ¹

308 2395 311 2409 .
412 2349 449 2409 et
472 2346 673 2406 conventus
700 2337 737 2404 in
755 2337 994 2405 Halsburnen.
1022 2359 1063 2404 ac
1089 2337 1221 2404 deuota
1247 2333 1422 2427 obsequia
1446 2355 1518 2425 que
1542 2335 1786 2425 progenitori·

358 2484 365 2500 ,
411 2440 483 2508 bus
515 2434 649 2506 nostris
681 2457 723 2504 ac
756 2437 862 2504 nobis
890 2435 1142 2506 exhibuerunt.
1169 2445 1205 2506 et
1231 2435 1404 2504 exhibent
1428 2433 1661 2504 incessanter.
1685 2435 1787 2525 ipsos

412 2536 453 2607 in
486 2535 650 2627 personis
683 2544 718 2603 et
742 2537 865 2605 Rebus
897 2537 1062 2626 ipsorum
1093 2536 1131 2603 in
1166 2547 1329 2605 nostram
1362 2534 1553 2626 specialem
1579 2538 1786 2626 recepimus

413 2637 688 2732 protectionem.
713 2637 926 2705 auctoritate
941 2637 1055 2727 Regia
1080 2631 1284 2705 firmissime
1305 2632 1518 2704 inhibentes.
1537 2656 1582 2705 ne
1599 2637 1679 2728 quis
1695 2659 1788 2708 ausu
1894 2655 1895 2668 ¹

415 2737 543 2808 ductus
568 2737 772 2806 temerario.
800 2736 900 2828 ipsis.
926 2737 963 2806 in
988 2739 1154 2830 personis
1180 2747 1242 2806 aut
1266 2737 1398 2806 Rebus.
1425 2758 1622 2826 grauanter
1646 2739 1709 2806 uel
1734 2738 1785 2806 in·

326 2911 332 2926 ,
413 2838 545 2908 iuriam
568 2835 705 2906 inferre
732 2847 925 2942 presumat.
952 2838 1051 2931 quod
1075 2838 1139 2934 qui
1163 2833 1433 2928 attemptauerit
1447 2858 1596 2927 grauem
1612 2835 1786 2908 offensam
1829 2889 1879 2922 ,,

414 2947 537 3010 nostre
563 2937 785 3010 celsitudinis
809 2961 848 3008 se
874 2939 1018 3008 nouerit
1041 2940 1248 3016 incurrisse.
1298 2939 1469 3031 Preterea
1493 2947 1694 3007 memorato
1728 2937 1788 3007 ab·

311 3081 316 3093 =
413 3037 490 3108 bati
515 3049 553 3106 et
576 3059 644 3106 suo
670 3035 865 3110 conuebtui
889 3039 1050 3127 districte
1076 3048 1113 3106 et
1144 3032 1360 3107 auctoritate
1393 3038 1618 3126 presentium
1649 3038 1788 3108 inhibe·
1893 3115 1895 3130 ἢ

417 3159 510 3207 mus.
537 3159 583 3205 ne
607 3133 715 3204 elicui
741 3138 817 3206 siue
844 3137 889 3204 sit
914 3137 960 3204 de
985 3137 1123 3205 familia
1148 3146 1273 3204 nostre
1300 3135 1399 3204 curie
1416 3137 1493 3206 siue
1510 3133 1786 3210 non.'det⁴ereriti

417 3246 561 3307 nostres
593 3235 742 3306 litteres.
776 3245 814 3304 et
845 3237 1053 3327 impetranti
1087 3259 1133 3305 ex
1165 3247 1270 3327 parte
1295 3245 1419 3306 nostra
1443 3260 1586 3331 equum.
1613 3241 1786 3310 exhibere

385 3413 387 3428 ¹
416 3337 478 3408 uel
503 3335 669 3406 conferre
694 3346 903 3426 presumant
927 3335 1057 3406 eidem.
1084 3335 1154 3406 nisi
1178 3337 1216 3404 in
1241 3333 1390 3428 speciali
1414 3351 1538 3409 nostra
1555 3339 1785 3431 expeditione

416 3459 484 3530 per
506 3433 789 3526 Buttigulariom
813 3445 978 3508 nostrum
1003 3437 1047 3506 de
1070 3436 1276 3506 Nurinbsre
1302 3437 1348 3507 ab
1373 3435 1462 3530 ipsis
1492 3437 1702 3512 duxerimus
1727 3463 1788 3511 re·

415 3536 644 3630 quirendum.
672 3547 708 3605 et
733 3559 778 3606 nc
805 3557 916 3627 super
940 3537 1125 3629 premissis
1150 3535 1196 3606 ab
1230 3533 1352 3631 aliquo
1381 3539 1608 3629 inposterum
1639 3551 1787 3632 possent

416 3638 559 3706 uexari.
581 3646 787 3728 presentem
812 3637 993 3726 paginam.
1021 3639 1130 3728 sigilli
1154 3635 1269 3706 nostri
1294 3637 1499 3730 patrocinio
1517 3641 1784 3714 communitam.

416 3735 586 3809 iussimus
609 3735 793 3827 prelibato
818 3733 943 3808 sbbeti
969 3748 1005 3808 et
1029 3761 1095 3810 suo
1122 3741 1317 3808 concentui
1341 3737 1515 3810 exhiberi.
1544 3781 1571 3830 s

427 3891 432 3896 ⁴
517 3919 649 3988 Datum
676 3920 772 4014 apud
796 3919 1059 3992 Onoluesbabc.
1080 3943 1177 3991 enno
1211 3918 1394 3992 dominice
1418 3869 1682 3994 incarnationis
1705 3924 1788 3996 Mil·

417 4014 547 4134 ieeimo
585 4015 687 4092 0⁶0⁰.
719 4022 878 4094 xxvne
935 4021 1216 4120 quartodecimo
1252 4021 1331 4114 Hel.
1368 4021 1552 4096 Octobris.
1571 4024 1785 4099 indictione

416 4137 545 4210 Pium·
612 4193 617 4204 .
