3870 4718
734 304 998 428 burbonum.

661 837 666 848 .
785 683 1050 841 nox.''

421 992 425 1002 '
491 989 585 1071 Anno
615 993 706 1049 1215.
760 991 787 1047 5·
814 979 912 1061 April.
963 941 1048 1063 opud
1073 983 1262 1066 Augustum.

187 1177 430 1266 hildericus
459 1179 511 1266 11.
542 1177 686 1265 urchie
716 1175 870 1292 iscopis
899 1174 1279 1290 salzburgensibus
1308 1175 1561 1259 monasteri·

188 1324 266 1381 um
296 1295 549 1384 Chiemense
587 1207 831 1394 eoniiimat,
873 1318 922 1374 ac
950 1291 1204 1376 Eberhardo
1242 1288 1562 1405 archiepiscopo

191 1411 406 1526 indulget,
444 1411 571 1494 utin
613 1406 767 1491 eodem
802 1407 1060 1491 monasterio
1099 1405 1245 1495 sedem
1278 1404 1561 1493 cathedralem

231 1530 388 1642 eriget,
419 1527 539 1612 cuius
568 1523 814 1610 investitura
844 1521 899 1610 sd
928 1519 1268 1640 archiepiscopos
1299 1525 1518 1640 pertineat

111 1869 116 1876 .
189 1749 419 1876 Fridericus
445 1805 502 1874 dei
528 1806 646 1896 gretie
669 1825 907 1876 romsnorum
932 1805 1012 1874 Rex
1031 1795 1183 1896 'semper
1207 1809 1389 1899 Augustus
1421 1819 1459 1878 et
1484 1809 1563 1880 Rex

190 1921 310 1990 Sicilie
335 1922 468 1990 dilecto
494 1921 650 2014 principi
677 1941 745 1990 suo
769 1921 982 1991 Eberhardo
1008 1917 1266 2011 sumurgenst
1287 1924 1563 2016 archiepiscopo

190 2017 344 2114 grstism
370 2041 471 2090 susm
498 2031 534 2088 et
559 2043 666 2090 omne
691 2021 839 2091 bonum.
890 2023 1033 2118 Quanto
1056 2019 1173 2110 magis
1198 2019 1431 2092 deustionem
1462 2035 1565 2094 tuem

190 2123 287 2191 circs
312 2141 378 2191 nos
404 2131 442 2190 et
467 2121 661 2214 imperium
687 2123 906 2210 experimur.
933 2131 1033 2190 lento
1059 2119 1290 2190 effectuosius
1316 2123 1431 2214 reguli
1450 2125 1563 2192 muni·

190 2221 336 2290 licentis
368 2230 405 2289 ts
438 2232 476 2289 et
510 2221 699 2290 ecclesium
732 2229 828 2306 tuom
854 2217 1074 2290 intendimus
1100 2223 1294 2290 honorare.
1353 2221 1563 2314 Visis„ergo

190 2319 403 2412 priuilegiis.
441 2321 592 2390 ecclesie
618 2331 678 2388 tue
705 2331 742 2389 et
765 2323 831 2390 tibi
856 2343 878 2390 e
904 2319 1222 2412 predecessoribus
1248 2317 1385 2393 nostris
1410 2323 1564 2416 impers-

187 2421 330 2492 toribus
356 2430 392 2488 et
406 2419 568 2510 Regibus
590 2420 759 2491 decenter
778 2421 935 2492 indultis.
962 2443 1033 2514 que
1047 2419 1318 2493 monesterium.
1346 2419 1561 2496 chiemense

191 2543 273 2592 cnm
305 2519 403 2590 omni
437 2541 502 2590 suo
536 2521 616 2588 iore
643 2517 736 2592 sicut
760 2521 806 2591 eb
833 2522 885 2592 eis
909 2541 1116 2612 possessum
1140 2520 1259 2591 lueret
1282 2521 1406 2592 dutum
1431 2523 1499 2592 tibi
1527 2535 1564 2594 et

189 2631 250 2690 tue
276 2620 426 2690 ecclesie
452 2619 686 2692 continebant
721 2643 787 2692 nos
814 2631 965 2714 propter
998 2621 1181 2692 nsiduum
1212 2623 1430 2716 obsequium
1460 2633 1562 2693 tuum

188 2720 257 2789 tibi
274 2717 383 2790 etiem
409 2730 446 2786 et
470 2719 739 2790 successoribus
765 2721 836 2789 tuis
861 2743 928 2811 per
954 2720 1267 2790 ratihabitionem
1284 2722 1459 2792 trsdimue
1482 2744 1562 2811 pos·

188 2818 378 2889 sidendum
409 2816 639 2904 indulgentes
672 2825 713 2884 ut
745 2817 783 2884 in
816 2817 981 2906 predicto
1012 2816 1231 2884 monasterio
1266 2818 1361 2884 sicut
1386 2822 1563 2905 proponis

194 2917 316 2989 sedern
343 2914 461 3004 eriges
488 2914 746 2982 kathedralem.
774 2913 811 2980 in
837 2935 909 3005 qus
934 2912 1042 2980 etism
1058 2908 1309 2980 innectitursm
1328 2909 1504 3004 regalium
1522 2916 1567 2984 ed

192 3031 230 3088 te
256 3019 423 3088 uolumus
448 3015 632 3104 pertinere
658 3013 744 3106 quis
769 3021 935 3104 ternpore
960 3009 1112 3080 sbbscie
1132 3034 1154 3078 s
1171 3010 1488 3102 predecessoribus
1506 3006 1570 3086 nol

194 3119 278 3189 stris
310 3127 347 3185 et
379 3115 483 3184 nobis
508 3113 574 3182 tibi
601 3113 933 3184 et'su'ccessoribus
959 3111 1032 3180 tuis
1057 3109 1207 3182 eundem
1234 3112 1484 3202 incestitursm
1511 3115 1580 3200 τογ’

197 3215 448 3308 cognoscimus
473 3214 692 3284 attributum.
742 3218 787 3284 Et
811 3225 852 3282 nt
877 3221 1000 3282 nostre
1027 3212 1287 3304 recognitionis
1313 3216 1448 3314 ueritas
1465 3228 1566 3288 tento
1659 3295 1663 3305 ,

196 3319 243 3389 sit
268 3313 479 3385 euidentior.
503 3325 708 3404 presentem
736 3325 870 3383 certum
897 3313 1079 3382 conscribi
1104 3311 1257 3382 lecimus
1276 3325 1313 3383 et
1328 3313 1568 3410 sigillinostri

195 3415 394 3490 munimine
421 3413 597 3482 roboreri.
631 3413 722 3480 Huic
748 3422 868 3482 sutem
893 3411 1133 3503 recognitioni
1159 3409 1413 3486 interfuerunt.
1447 3417 1567 3488 Chun-

197 3517 306 3586 redus
322 3513 597 3604 Retisponensis
625 3511 826 3604 episcopus.
879 3511 1114 3610 Menegoldns
1131 3512 1348 3600 peteuiensis
1363 3515 1566 3609 episcopus.

199 3617 285 3688 Otto
301 3613 548 3702 Vrisingensis
575 3613 767 3702 episcopus
789 3611 956 3681 Siuridus
981 3612 1218 3703 Auguslensis
1236 3614 1439 3705 opiscopus.
1474 3619 1568 3686 wu-

198 3720 323 3787 tberus
349 3714 556 3782 Besilieneis
582 3714 731 3816 elect-us.
753 3711 961 3803 Leupoldus
985 3711 1058 3780 dux
1083 3711 1234 3781 Austris.
1268 3713 1485 3785 Lndewicus
1508 3737 1568 3807 ps·

197 3817 330 3888 latinus
355 3810 447 3884 Reni
473 3823 508 3882 et
533 3814 607 3880 dux
631 3811 806 3880 Bowerie.
838 3811 1038 3901 Diopoldus
1059 3811 1225 3880 Merchio
1251 3811 1295 3882 de
1320 3813 1567 3886 Hobinburch.

199 3920 328 3988 Comes
355 3915 594 3986 Hertmsnnns
621 3912 667 3980 de
682 3911 949 3982 Wirtenbcrcb.
977 3911 1105 3980 Comes
1117 3910 1334 3980 Lndewicus
1361 3911 1474 3982 freter
1490 3917 1568 3982 dus

202 4020 333 4088 comes
359 4013 569 4084 Chunredns
595 4011 639 4082 de
664 4011 870 4082 lllosburch.
895 4009 1045 4084 Vlricus
1065 4009 1110 4080 de
1134 4011 1281 4100 pecesh.
1322 4011 1457 4079 Delum
1481 4015 1570 4098 spot

251 4139 315 4182 llos.
331 4137 396 4181 licie.
414 4137 470 4186 rol.
486 4137 552 4182 m.
570 4147 613 4180 m
626 4133 774 4180 wllssticnis
790 4143 864 4178 norm
878 4131 924 4176 ill.
1335 4115 1360 4184 Is
