3804 4718
290 337 296 358 .
395 261 519 412 336-
691 336 695 344 ·
787 310 1039 428 Diplomotn
1060 308 1373 429 imperatorum

709 557 738 592 ''
846 659 866 762 χ
966 549 1208 721 oocvn
1304 567 1305 572 i
1367 545 1372 558 ’
1494 543 1500 557 ’

617 905 619 913 ,
653 861 658 870 “
696 851 789 918 Anno
820 856 915 914 1232.
964 865 1078 918 mense
1103 846 1234 909 Martio.
1284 848 1470 910 Ravennae.
1511 849 1514 856 ⁴

394 1043 638 1135 Fridericus
668 1041 722 1128 11.·
742 1042 1080 1133 constitutionem
1104 1069 1225 1127 suem
1246 1040 1485 1156 generalem
1508 1059 1655 1142 contra
1673 1038 1775 1134 hae·

395 1164 549 1253 reticos
590 1160 890 1276 promulgans,
932 1159 1085 1246 fratres
1128 1159 1288 1245 ordinis
1330 1159 1673 1275 praedicatorum
1718 1165 1776 1252 de
1887 1189 1889 1222 ²

349 1295 353 1300 ’
395 1279 686 1383 Wirneburc‚
730 1308 810 1394 pro
848 1276 950 1364 fidei
957 1278 1154 1414 'negotio
1193 1278 1237 1362 in
1276 1278 1469 1422 pertibus
1503 1277 1775 1368 Theotoniac

388 1397 633 1510 deputatos,
663 1395 742 1481 sub
774 1406 862 1485 sue
882 1417 925 1482 et
947 1395 1123 1531 'imperii
1146 1395 1316 1510 speciali
1337 1393 1488 1510 recipit
1508 1395 1791 1508 defensione„

522 1544 684 1628 eosque
715 1514 955 1600 omnibus
943 1515 1111 1630 imperii
1138 1511 1334 1666 fidelibus
1367 1515 1648 1606 commendat.

396 1687 446 1816 F
449 1738 631 1817 retenens
658 1743 716 1814 dei
743 1747 860 1835 gratie
884 1747 1129 1814 Romanorum
1155 1749 1377 1837 Imperator,
1404 1745 1556 1836 Semper
1579 1751 1778 1836 Augustus.
1888 1829 1889 1834 ἵ

375 1855 599 1948 'Jerusalem
626 1871 661 1929 et
687 1862 808 1928 Sicilie
835 1863 923 1930 Rex.
975 1860 1383 1952 Dilectisprincipibus
1417 1862 1686 1929 uenerabilibus
1712 1868 1779 1931 'Ar-
1888 1919 1889 1924 ,

398 1957 650 2053 chiepiecopis.
688 1963 889 2051 Episcopis.
917 1962 1078 2052 ‚aliisque
1120 1962 1268 2052 prelatis
1304 1961 1548 2030 eeclesiarum.
1601 1963 1777 2034 Ducibus.
1887 2013 1889 2040 ς

398 2063 680 2144 Marenionibuo.
708 2063 921 2132 comitibus.
948 2061 1163 2130 Beronibus.
1190 2064 1370 2130 scultetis.
1398 2057 1622 2151 B‘urgrauiie.
1659 2063 1779 2133 Aduo·
1887 2065 1889 2098 “

398 2162 498 2233 catis.
527 2163 727 2232 lodicibus.
753 2163 1060 2232 Ministerialibue.
1087 2161 1323 2230 Offioistibus.
1352 2171 1386 2230 et
1407 2161 1592 2230 Vniuersie
1624 2184 1693 2251 per
1726 2173 1779 2232 to·

397 2274 476 2333 tum
502 2264 696 2353 imperium
721 2263 926 2331 constitutis
952 2273 1139 2356 presentes
1162 2265 1302 2330 litterae
1337 2262 1570 2352 inspecturis,
1609 2257 1777 2332 fidelibus

398 2365 483 2432 suis.
498 2363 791 2451 ‘gratismsnam
818 2373 855 2431 et
876 2384 982 2431 omne
1008 2363 1156 2430 bonum.
1208 2361 1400 2430 Commissi
1424 2360 1528 2431 nobis
1546 2363 1672 2430 celitus
1689 2387 1777 2432 cura
1888 2365 1889 2368 ’

397 2463 586 2554 regiminis
619 2471 655 2529 et
679 2463 879 2552 imperialis
914 2460 970 2530 cui
1004 2463 1109 2529 dente
1143 2462 1291 2530 domino
1328 2463 1551 2552 presidemus
1588 2458 1775 2554 festigium

269 2589 275 2598 ·
399 2561 596 2654 dignitatis.
624 2565 846 2630 materialem
872 2585 946 2658 quo
971 2563 1114 2630 diuisim
1140 2587 1161 2630 e
1185 2564 1388 2631 sacerdotio
1413 2563 1600 2652 fungimur
1615 2564 1777 2654 gladium

258 2665 268 2682 ⁸
397 2664 572 2732 aduersus
599 2665 718 2731 hostes
744 2662 827 2732 fidei
854 2673 890 2730 et
915 2659 952 2731 in
973 2665 1226 2731 exterminium
1246 2665 1403 2731 heretice
1422 2663 1606 2754 prauitatis
1624 2665 1775 2754 exigunt

398 2763 628 2832 exerendum.
654 2774 694 2830 ut
720 2763 888 2854 uipereos
914 2764 1064 2852 perfidie
1091 2765 1184 2832 filios
1211 2765 1338 2838 contre
1372 2763 1479 2831 deum
1515 2773 1551 2830 et
1584 2765 1775 2834 eeclesiam

397 2863 624 2950 insultantes,
652 2873 832 2956 tamquam
859 2866 1013 2932 materni
1039 2865 1131 2932 uteri
1159 2886 1380 2933 corrosores.
1407 2865 1445 2930 in
1471 2863 1604 2939 iudicio
1621 2876 1655 2934 et
1675 2862 1775 2936 iusti·
1876 2858 1881 2884 ¹

397 2965 448 3033 tie
474 2987 743 3055 persequemur.
769 2965 952 3033 maleficos
978 2965 1104 3031 uiuere
1132 2985 1203 3031 non
1231 2961 1382 3052 passurj.
1403 2987 1469 3052 per
1485 2986 1640 3054 qnorum
1659 2965 1775 3033 scien·

397 3065 483 3132 tiam
517 3063 778 3150 seductricem,
814 3063 971 3130 mundus
1003 3063 1173 3130 inlicitur.
1209 3073 1245 3130 et
1277 3065 1380 3152 gregi
1406 3062 1566 3132 fidelium
1594 3087 1659 3154 per
1686 3086 1773 3134 oues

396 3167 462 3232 hos
490 3163 673 3230 morbidas
699 3164 849 3250 grauior
866 3162 981 3258 infligi
1000 3161 1208 3249 (infligitur)
1225 3164 1441 3251 corruptela.
1493 3165 1688 3234 Statuimus
1710 3167 1775 3234 ite·

397 3287 467 3355 que
502 3262 720 3354 seponentes
749 3271 793 3343 ¹ut
825 3261 976 3328 heretici
1010 3282 1238 3353 quocumque
1272 3265 1419 3332 nomine
1445 3275 1671 3333 censeantur.
1698 3261 1777 3333 uhin

396 3385 550 3453 cumque
577 3384 643 3450 per
668 3363 863 3451 Imperium
891 3361 1073 3450 dempnstj
1108 3362 1244 3431 fuerint
1278 3365 1323 3430 nb
1357 3365 1511 3432 ecclesie
1544 3375 1580 3432 et
1617 3365 1773 3454 secutori
1821 3430 1829 3441 ,

397 3463 533 3531 indicio
568 3459 752 3550 assignetj.
788 3459 1102 3530 animaduersione
1138 3464 1258 3532 debita
1294 3467 1500 3554 punientur.
1553 3465 1653 3556 Siqui
1681 3488 1772 3534 uero

398 3563 442 3631 de
469 3560 641 3652 predictis
667 3571 858 3652 postquam
886 3559 1022 3631 suerint
1048 3564 1271 3654 deprehensi.
1300 3565 1419 3632 territi
1446 3573 1544 3632 metu
1571 3563 1699 3632 mortis
1720 3589 1773 3634 re·

398 3663 475 3730 dire
509 3662 694 3730 noluerint
729 3663 775 3729 ed
808 3661 894 3733 fidei
927 3665 1112 3732 unitatem.
1148 3667 1247 3733 iuxta
1281 3665 1472 3740 cunoniess
1499 3665 1703 3734 sanctiones
1729 3665 1774 3734 nd

397 3762 574 3853 agendum
602 3763 839 3852 penitentiam
865 3765 901 3830 in
928 3774 1144 3856 perpetuum
1175 3787 1357 3834 carcerem
1379 3765 1634 3832 retrudantur.
1688 3765 1772 3833 Pre-

396 3871 496 3930 terea
522 3863 747 3954 quicumque
762 3865 911 3934 heretici
933 3865 1067 3954 reperti
1087 3861 1224 3934 suerint
1243 3865 1281 3931 in
1297 3866 1523 3932 ciuitatibus.
1549 3863 1691 3954 Opidis.
1709 3887 1774 3934 seu

395 3963 486 4031 locis
512 3962 590 4030 eliis
615 3961 759 4056 Imperij
787 3987 853 4054 per
877 3966 1111 4059 inquisitores
1136 3967 1182 4032 sb
1200 3965 1398 4055 apostolice
1411 3964 1497 4033 sede
1512 3965 1615 4032 datos
1632 3974 1667 4034 et
1682 3966 1773 4032 alios

396 4062 607 4134 Orthodoxe
633 4063 717 4135 odei
743 4069 921 4137 zelatores
961 4063 1011 4135 hii
1039 4067 1101 4159 qui
1127 4066 1164 4134 in
1184 4061 1469 4162 iurisdictionem
1486 4064 1621 4136 ibidem
1641 4065 1773 4134 hahue-
