3804 4718
677 363 943 462 Authentioa.
1176 455 1185 466 .
1421 385 1505 496 149
1574 475 1578 482 ,

125 617 311 706 perpetuo
343 599 607 700 poeeidendpm.
669 603 866 676 statuimus
899 603 1012 698 igitur
1045 611 1082 674 et
1112 603 1181 676 enb
1212 603 1505 688 interminatione

125 712 246 807 gratie
271 716 395 776 noetre
421 699 582 776 districte
606 705 840 798 precipimus.
865 715 908 774 ut
932 707 1052 776 nuilus
1076 704 1124 775 ait
1148 707 1212 801 qui
1230 710 1432 800 predictum
1445 737 1503 788 oo·

126 814 255 884 mitem
288 807 327 876 in
358 805 582 898 proprietate
615 816 676 877 aut
709 806 820 876 feudo
852 807 1052 900 prenotatis
1085 805 1262 899 impedire
1287 811 1418 884 audeat
1441 819 1504 888 uel

79 973 87 982 .
126 913 326 1005 dampnum
360 907 399 975 in
430 904 519 998 ipeie
556 915 618 975 ant
650 928 845 1001 grauemen
876 904 1025 1000 aliquod
1058 901 1234 999 irrogare.
1296 913 1419 986 Tertee
1452 917 1505 988 nii

125 1024 221 1086 ennt
272 1003 487 1079 Lvdeerieue
513 1009 595 1076 Dux
619 1006 780 1080 bawarie
805 1007 985 1100 palatinoe
1011 1026 1133 1078 oomee
1148 1005 1252 1081 Reni.
1304 1011 1503 1105 Laipoldne

13 1127 29 1162 ν’
124 1115 205 1186 dux
221 1107 364 1180 Austrie
388 1113 424 1176 et
439 1106 560 1174 Stiria.
612 1105 698 1177 Otto
722 1107 817 1176 filine
843 1107 946 1177 docio
971 1105 1143 1178 bawarie.
1195 1107 1502 1188 Heinrieuetiiiue

126 1215 230 1286 dneie
255 1207 409 1278 Amtrie.
448 1207 488 1274 0.
504 1205 752 1300 Burograniua
786 1207 831 1276 de
856 1208 1103 1278 Nvorenbern.
1159 1207 1289 1280 comae
1314 1213 1503 1286 Hartman·

126 1337 197 1388 nuo
223 1312 266 1380 de
290 1305 545 1378 Wirttenbero.
573 1318 610 1376 et
634 1310 766 1378 Gomee
791 1309 829 1376 C.
854 1308 952 1376 filine
977 1329 1064 1379 enne
1090 1308 1219 1380 Comae
1244 1311 1427 1404 Rupertnr
1457 1311 1503 1388 de

127 1413 297 1488 Castalio.
350 1409 479 1476 Comes
505 1407 545 1474 Β.
578 1407 623 1476 de
648 1407 847 1500 Greiepaoh
881 1418 919 1476 et
942 1407 1133 1479 Heinricur
1160 1409 1254 1479 filiae
1279 1433 1375 1483 eune.
1425 1413 1503 1484 Fri·

126 1516 274 1588 derioue
299 1505 345 1580 de
368 1505 647 1597 trahendingen.
699 1508 831 1576 comeo
857 1507 896 1576 G.
923 1507 968 1576 de
987 1507 1171 1598 Ottingen.
1222 1511 1433 1608 Wittegowi
1450 1533 1503 1585 ee·

124 1617 212 1688 nior
236 1620 274 1683 et
296 1608 420 1699 junior
444 1605 489 1675 de
513 1609 682 1676 Albeoke.
732 1606 901 1678 Albertue
927 1607 973 1676 de
997 1607 1221 1678 Hurneheim
1247 1620 1284 1679 et
1309 1613 1416 1682 ambo
1434 1612 1502 1684 filii

122 1714 247 1812 patrui
272 1709 338 1780 eui.
388 1709 592 1782 Waltberue
622 1707 667 1777 de
691 1707 920 1800 Veimingen.
953 1718 990 1778 et
1013 1709 1254 1798 Merquardue
1275 1711 1499 1806 Hagelarine.
1525 1719 1531 1728 '

121 1822 164 1890 E.
192 1810 334 1906 dapifer
358 1807 404 1879 de
428 1809 599 1900 Walpnre
624 1809 662 1879 C.
688 1819 723 1878 et
748 1809 788 1876 E.
814 1809 986 1900 pincerne
1013 1808 1057 1878 de
1083 1809 1334 1881 Winteretetin
1366 1823 1403 1884 et
1436 1815 1500 1884 alii

121 1939 236 2012 qnam
259 1914 394 2005 plures.
445 1907 580 1980 Datum
604 1907 883 2002 apudWerdem
906 1932 982 1982 xva.
1007 1908 1201 2002 Kolenda·
1209 1911 1364 2004 Augusti
1384 1913 1499 1986 Indit-

121 2019 227 2090 tione
251 2037 309 2086 xv·

187 2229 422 2322 opsigfflonr,
457 2227 543 2312 quod
567 2223 786 2310 appendebat,
819 2226 930 2310 periit3
962 2243 1146 2290 remenaere
1171 2240 1279 2294 autem
1304 2227 1360 2296 file
1384 2230 1514 2312 atticas

248 2352 307 2398 eeu
332 2330 440 2413 potine
464 2327 604 2392 fianionh'
628 2327 723 2394 eerioi
746 2327 838 2392 rubri
863 2326 977 2394 eoloria
1003 2325 1211 2392 membranae
1242 2325 1380 2398 interim
1412 2353 1498 2400 eom.

248 2431 385 2520 pflfflufl
408 2428 535 2495 innui·
619 2523 623 2530 Ι

188 2611 221 2696 b)
249 2599 442 2676 Membrana
467 2607 541 2692 ipae.
560 2629 669 2692 panno
693 2628 806 2676 reeens
832 2607 1030 2696 adglutinata
1056 2586 1269 2693 oonepiciturs
1341 2690 1344 2700 Ι

188 2805 222 2883 e)
247 2799 364 2861 Annae
389 2814 459 2858 non
483 2769 650 2876 expreeeue
674 2811 732 2874 per
756 2791 965 2855 indictionem
991 2787 1225 2855 menifeetetnr.

185 2983 222 3066 d)
247 2979 380 3070 Editnm
404 2997 424 3040 a
446 2975 556 3040 Brenn
582 2975 619 3038 in
653 2975 709 3039 der
734 2973 848 3040 Geech.
884 2973 942 3038 der
967 2967 1087 3038 orosae
1109 2991 1186 3078 'von
1211 2969 1380 3062 Dilingen.
1433 2977 1498 3040 An·

249 3081 338 3170 hang
364 3087 415 3164 98·
440 3097 534 3140 num.
565 3089 593 3141 1.
1086 3119 1089 3124 -
1141 3093 1144 3100 ·

194 3271 222 3346 e)
249 3267 445 3328 Detumtnm
472 3279 514 3326 ex
539 3259 676 3326 Arehiro
700 3258 878 3348 Dilingano
905 3256 1046 3340 epiecopi
1072 3255 1262 3344 Angueteni.
