3804 4718
379 263 383 282 Ι
422 323 508 426 tro
805 331 1397 478 Diplornat'n·÷lmpetatorum
1537 459 1540 468 ι
1677 279 1680 286 .

649 931 653 940 ·
752 891 847 951 Anno
867 898 969 1000 '¹251.
983 820 1133 952 ¹fanense
1159 883 1262 950 Maio·
1275 896 1331 950 ent
1354 883 1462 964 lunio.

416 1085 641 1176 Heinricus
671 1082 767 1172 Vll.
798 1113 876 1170 rex
905 1081 1117 1200 indulget,
1160 1103 1210 1169 ut
1240 1112 1321 1200 pro
1360 1077 1619 1196 quibusdam
1649 1080 1792 1171 feudis

418 1207 620 1294 ecclesiae
643 1203 976 1319 Herbipolensis,
1007 1220 1120 1316 quae
1151 1200 1204 1288 ab
1236 1234 1286 1289 ea
1315 1201 1368 1287 H'.
1399 1201 1452 1285 de
1476 1200 1729 1316 Bokesperc
1752 1222 1793 1288 et
1891 1211 1892 1222 '

416 1326 469 1414 ab
506 1325 591 1411 hoc
634 1322 856 1412 Co'nradus
901 1321 954 1408 de
984 1323 1231 1438 Winsporc'
1266 1339 1485 1434 tamquam
1528 1319 1793 1406 subvasallus

418 1461 668 1548 tenuerunt,
700 1440 868 1557 etpost
896 1442 1248 1556 resignationem,
1285 1441 1338 1526 ab
1370 1458 1557 1552 utroque
1589 1438 1792 1525 ecclesiae

415 1561 656 1680 praedictae
685 1560 865 1665 laetam,
895 1559 951 1644 ad
979 1559 1220 1660 instantiam
1251 1558 1436 1646 Conradi
1467 1557 1521 1642 de
1553 1557 1793 1674 Winsperc

416 1710 495 1800 per
524 1681 772 1796 episoopum
792 1677 1031 1763 Marchioni
1052 1678 1105 1764 de
1121 1677 1265 1766 Badeo
1289 1677 1467 1764 fuerunt
1482 1676 1647 1782 collata,
1675 1675 1792 1762 idem
1877 1747 1884 1760 ,

419 1797 667 1904 Conradu's,
700 1797 811 1914 regis
843 1797 1032 1884 Heinriei
1058 1797 1365 1903 ministerialis,
1404 1797 1448 1880 in
1477 1796 1791 1910 compensatio-

419 1919 437 1961 ·'
527 1933 628 2002 n'em
659 1917 861 2002 ecelesiae
887 1916 1197 2120 septemnpillas
1228 1947 1282 2001 ex
1311 1944 1389 2002 suo
1420 1914 1677 2034 patrimonio

1002 2063 1053 2121 co
1104 2053 1205 2122 erat.

399 2203 474 2340 'lu
502 2261 648 2334 nomine
682 2277 803 2374 sancte
837 2278 873 2338 et
908 2269 1094 2340 indiuidua
1128 2263 1311 2338 trinitatis.
1351 2264 1555 2355 ¹lleinrieus
1587 2263 1646 2332 dei
1671 2262 1791 2354 gratia

414 2382 660 2453 Romanorum
687 2385 764 2452 Rex
791 2395 826 2452 et
850 2407 995 2478 semper
1021 2397 1205 2478 augustus.
1256 2384 1370 2474 Regis
1391 2383 1596 2472 magestatis
1615 2381 1792 2450 condecet
1886 2373 1891 2408 ²

414 2479 637 2551 honestatem
665 2507 707 2552 ea
735 2508 805 2576 que
832 2507 1103 2556 snozconsensu
1126 2496 1305 2578 geruntur
1319 2496 1352 2552 et
1371 2482 1508 2551 fauore.
1528 2506 1594 2572 per
1605 2503 1705 2552 suam
1729 2481 1790 2549 eti·

416 2605 475 2652 am
500 2584 767 2673 prouidentiam
794 2587 971 2658 firmitatis
997 2590 1132 2657 rob'ore
1159 2584 1324 2657 stabiliri.
1353 2594 1390 2652 et
1415 2584 1634 2672 scriptorum
1653 2603 1789 2652 memo·

416 2683 470 2753 rie
496 2685 752 2755 commendari.
779 2697 816 2756 rt
831 2691 965 2760 nullam
993 2689 1189 2758 obliuionis
1217 2686 1361 2780 capiant
1386 2685 1606 2775 scrupulum·
1633 2685 1691 2752 uel
1725 2682 1788 2750 &ll-

379 2848 393 2858 .
414 2783 512 2880 quod
538 2786 771 2861 detractionis
797 2792 958 2860 sanciant
984 2790 1251 2859 detrimentum.
1302 2787 1358 2858 Ad
1383 2785 1544 2853 omnium
1568 2785 1680 2875 igitur
1716 2791 1789 2852 tam

349 2970 356 2994 l
414 2888 643 2978 presencium
664 2913 771 2980 quam
789 2892 1076 2980 postfuturorum
1093 2892 1264 2962 noticiam
1281 2889 1450 2968 uolumus
1467 2885 1670 2977 peruenire.
1688 2883 1788 2976 quod

415 2988 587 3079 quaedam
615 2993 857 3080 proprietates
884 2993 1148 3082 herbipolensis
1176 2991 1338 3058 ecclesie.
1367 3009 1454 3078 quas
1482 2988 1634 3055 dilectus
1651 2997 1789 3054 noster.

414 3089 456 3156 tt.
482 3088 613 3157 nobilis
638 3091 768 3158 uirrrls
794 3093 1002 3180 Bolsespero
1029 3094 1074 3157 ab
1101 3091 1179 3180 ipsa
1204 3091 1319 3160 tenuit
1345 3088 1496 3155 ecelesia
1522 3088 1600 3154 iure
1638 3085 1790 3154 feodali.

415 3199 451 3256 et
479 3183 575 3280 ‘quas
609 3188 724 3259 fidelis
758 3199 885 3258 nomer
909 3185 1097 3258 Gunradul
1130 3191 1174 3257 da
1209 3189 1391 3278 winspern
1425 3187 1574 3255 infensio
1601 3187 1718 3254 tenuit
1745 3187 1788 3255 ab

414 3289 551 3358 eodem.
579 3286 684 3356 idem:
733 3291 776 3357 ll.
802 3290 935 3358 nobilis
963 3291 1007 3358 de
1035 3291 1253 3381 bokespero.
1280 3275 1349 3357 sibi
1376 3311 1396 3356 a
1423 3287 1518 3356 dieto
1535 3284 1634 3355 fideli
1651 3297 1789 3356 nostro.

413 3389 452 3460 G.
485 3387 529 3459 de
556 3387 748 3479 Winsp'er'c
781 3391 883 3481 prius
916 3393 1126 3481 resignatas.
1159 3391 1360 3459 uenerabili
1394 3411 1435 3456 ac
1474 3389 1605 3457 dilecto
1631 3387 1789 3479 principi

412 3487 539 3561 nostrb
566 3493 772 3559 Hermanno
794 3493 981 3583 'Episcopo
1008 3493 1255 3582 herbipolensi
1282 3503 1318 3560 et
1343 3491 1412 3580 ipsi
1446 3490 1598 3560 ecclesie
1633 3488 1789 3580 resigna·

412 3592 475 3659 nit.
505 3601 541 3660 et
568 3591 713 3658 demum
740 3593 817 3682 ipse
834 3595 1036 3683 Episcopus
1057 3605 1092 3662 et
1119 3595 1274 3663 ecclesia
1301 3591 1442 3660 easdem
1460 3578 1703 3682 proprietates
1717 3587 1787 3657 sibi

412 3690 619 3780 resignatas.
653 3691 698 3757 ad
733 3694 944 3782 petitionem
980 3695 1143 3784 sepsisti,
1194 3696 1234 3762 C.
1272 3695 1316 3761 de
1343 3693 1531 3784 Winsperc
1566 3711 1648 3758 oum
1673 3691 1786 3759 totius

412 3785 736 3875 integritatisiure
764 3791 896 3860 dilecto
922 3804 1060 3861 nostro.
1088 3843 1096 3860 .
1220 3792 1422 3862 Marchioni
1451 3791 1495 3858 de
1514 3789 1634 3859 Baden
1663 3791 1787 3859 unani·

412 3889 521 3956 miter
545 3908 586 3954 ac
612 3885 813 3960 liberaliter
839 3896 1081 3962 contulerunt.
1131 3897 1211 3984 lpse
1236 3904 1355 3962 autem
1383 3891 1570 3961 Cunradus
1597 3892 1787 3961 ecclesiam

412 3988 702 4078 herbipolensem
730 4014 794 4062 sua
821 3995 1043 4084 proprietate
1071 3995 1179 4062 dicto.
1207 4043 1215 4061 .
1243 4046 1250 4060 .
1278 4045 1287 4062 .
1341 3993 1784 4080 Marclsionicollatamo·

411 4089 488 4158 leni
521 4090 667 4160 destitui
699 4096 759 4163 uel
792 4094 966 4170 desolari„
990 4093 1247 4188 patrimonium
1270 4115 1384 4164 suum.
1422 4092 1592 4162 videlicet
1624 4091 1690 4162 has
1721 4090 1784 4258 ἶίΙη

1735 4213 1782 4259 as.
