3848 4738
254 341 256 346 ’
378 349 466 454 504
774 367 787 392 ”
946 359 1196 450 Authcntica

270 667 274 677 ,
378 597 512 662 hanncs
547 589 592 660 de
617 589 748 678 Rotam
772 589 913 660 Vlricus
952 590 997 658 de
1022 590 1254 670 Panlschofen
1281 591 1449 660 canonici
1475 591 1634 662 Ecclesia
1659 592 1757 661 Pata·

379 692 513 762 niensis
530 690 777 780 capitulariter
794 692 1003 780 congregati
1029 702 1168 759 matura
1180 693 1446 784 deliberatione
1466 692 1652 783 prehabita
1675 715 1757 760 una·

377 788 526 860 nimiter
553 800 588 858 et
613 789 843 864 concorditer
869 809 993 860 omncs
1018 813 1059 858 ac
1087 790 1475 886 singularitersinguli
1496 790 1660 859 uocibus
1692 793 1758 860 cla·

378 889 430 960 ris
465 891 610 980 plenum
646 910 861 957 consensum
897 888 1072 976 dederunt
1117 889 1388 982 presencialiter
1420 899 1527 981 prout
1561 891 1668 958 etiam
1701 912 1756 958 re·

377 989 525 1063 troactis
552 987 774 1079 temporibus
810 1008 1022 1058 consensum
1061 987 1342 1078 pro'nunciarunt
1382 989 1427 1057 de
1459 985 1684 1078 impetrando
1717 1011 1757 1059 ac

307 1113 311 1122 ·
378 1087 646 1178 incorporando
674 1097 710 1156 et
741 1088 895 1154 uniendo
930 1089 1117 1158 ecclesiam
1151 1091 1413 1179 parrochialem
1448 1091 1562 1158 sancti
1588 1089 1757 1180 Stephani

378 1189 417 1256 iu
443 1188 589 1256 Hiirben
604 1186 824 1255 Patauicnsis
850 1187 1004 1256 diocesis
1021 1189 1212 1276 Religiosis
1238 1191 1333 1280 Viris
1360 1199 1396 1258 et
1421 1186 1575 1258 dominis
1600 1190 1756 1258 domino.

288 1292 289 1296 ’
378 1288 750 1377 Preposito.'‘Dscano
776 1287 915 1378 totique
941 1289 1141 1356 concentui
1168 1289 1377 1378 Monastery
1403 1287 1515 1357 sancti
1540 1289 1676 1378 Ypoliti
1702 1311 1756 1357 or·

297 1402 301 1412 “
378 1385 473 1456 dinis
508 1387 621 1472 sancti
647 1387 835 1476 Augustini
862 1388 1123 1454 Canonicorum
1149 1383 1384 1476 Regularium
1419 1387 1513 1455 dicte
1539 1388 1755 1454 Patauiensia

378 1485 534 1555 dionesie
559 1487 658 1553 iuxta
682 1495 845 1554 tenorem
873 1487 1072 1554 litterarum
1106 1484 1260 1553 domini'
1280 1485 1416 1555 Alberti
1448 1487 1632 1578 quondam
1658 1488 1755 1576 Epis·

379 1586 463 1675 copi
488 1579 706 1654 Patauiensis
732 1595 767 1652 et
792 1586 906 1676 ipsius
930 1607 971 1652 ac
999 1585 1128 1676 prefati
1154 1586 1270 1655 nostri
1290 1584 1445 1676 Capituli
1470 1585 1599 1672 sig-illis
1627 1585 1757 1676 sigilla·

377 1685 425 1754 tis
452 1692 602 1766 (arum)
631 1706 782 1776 quarum
816 1675 962 1772 quidem
995 1687 1195 1754 litterarum
1222 1695 1325 1753 tenor
1352 1707 1417 1774 per
1440 1685 1563 1753 omnia
1586 1686 1668 1756 talis
1693 1693 1756 1755 est.

329 1803 332 1810 '
377 1783 545 1852 albertus
572 1783 628 1852 dei
655 1794 691 1850 et
714 1780 912 1874 apostolice
938 1783 1033 1852 sedis
1067 1785 1181 1878 gratia
1206 1783 1425 1852 Patauiensis
1448 1783 1649 1875 Episcopus
1688 1795 1754 1854 etc.

377 1881 574 1971 (Sequitur
592 1883 721 1948 iterum
749 1882 908 1974 diploma
920 1883 1058 1950 Albcrti
1085 1885 1438 1972 praemissum.)Hys
1462 1883 1585 1974 itaque
1611 1883 1759 1976 premia·f

378 1981 428 2050 sis
453 1978 608 2071 predicti
633 1981 768 2049 domini
801 1981 872 2049 mei
905 1982 1060 2062 decanus
1096 1983 1328 2066 etRCanonici
1363 1981 1512 2050 ecclesis
1539 1983 1755 2054 Pataniensie

379 2100 594 2149 consensum
619 2081 779 2172 predicte
805 2079 1089 2172 incorporatiuni
1115 2103 1178 2166 seu
1204 2083 1330 2151 unioni
1356 2080 1533 2149 dederunt
1567 2103 1610 2149 ac
1643 2083 1755 2151 libers

287 2263 300 2278 ἢ
378 2179 636 2253 confirmarunt
671 2178 909 2273 Requirentes
945 2203 1002 2248 me
1041 2181 1225 2271 publicum
1268 2177 1449 2250 notarium
1488 2179 1756 2273 infrascriptum

379 2289 556 2370 quatenus
581 2281 633 2350 eis
659 2279 714 2348 de'
731 2280 901 2371 predictis
926 2273 1043 2362 Vnur'n
1068 2282 1129 2348 uel
1162 2282 1267 2371 plura
1298 2277 1483 2371 publicaim
1515 2282 1576 2349 uel
1610 2282 1755 2372 publica

358 2379 595 2448 conficerem
625 2381 903 2448 instrumentum
935 2401 998 2450 seu
1033 2380 1141 2447 etiarn
1174 2381 1424 2448 instrumenta.
1449 2383 1544 2448 Acta
1576 2391 1661 2448 sunt
1693 2383 1755 2450 beo

369 2476 524 2558 ⁸Patauie
550 2479 588 2546 in
615 2479 726 2545 Stuba
752 2479 878 2548 domus
902 2479 1133 2546 habitationis
1160 2471 1295 2547 domini
1322 2466 1675 2570 Cellarary=Gapituii
1698 2501 1755 2572 pa·

377 2576 549 2645 tauisnsis
573 2579 766 2656 memorati
787 2578 823 2644 in
849 2600 920 2668 qua
943 2577 1080 2645 domini
1103 2579 1277 2647 Canonici
1304 2579 1505 2669 Capitulum
1530 2577 1650 2672 facere
1676 2601 1755 2648 con·

379 2685 575 2745 suenerant
599 2683 701 2746 Anno
726 2677 923 2746 indictione
958 2677 1015 2744 die
1041 2676 1166 2746 Mense
1191 2680 1289 2747 Hora
1316 2688 1359 2770 ct
1382 2677 1593 2748 Pontificatu
1627 2679 1756 2770 quibua

379 2793 500 2866 supra,
527 2779 754 2867 presentibus
781 2776 943 2845 discretis
968 2777 1063 2845 Viris
1090 2776 1235 2845 domino
1261 2775 1475 2846 Leonhardo
1501 2777 1656 2846 Rectore
1681 2799 1757 2870 par·

379 2876 547 2944 rochialis
575 2878 724 2958 ecclesie
750 2877 788 2943 ia
816 2877 1060 2944 Harchirclaen
1086 2874 1290 2966 presbitero
1315 2898 1357 2945 ac
1375 2875 1510 2945 Georio
1532 2877 1628 2946 dicto
1653 2877 1756 2945 Prah-

63 3071 67 3080 ῃ
165 2967 176 2984 “
212 3069 215 3077 Ι
316 3027 322 3030 -
378 2976 499 3065 pelsch
532 2976 664 3068 clerico
696 2969 915 3044 Patauiensis
949 2973 1103 3044 diocesis
1133 2977 1294 3046 'testibus
1331 2974 1376 3044 ad
1408 2975 1586 3066 premissa
1620 2976 1755 3045 uocatis

379 3073 517 3162 pariter
542 3083 578 3139 et
604 3074 752 3163 rogatis.
777 3075 822 3141 Et
848 3095 919 3165 ego
943 3075 1133 3142 Heinricus
1160 3074 1276 3144 dictus
1300 3073 1756 3164 Rupfelclericusl’atani·

251 3251 258 3256 ,
378 3171 477 3238 ansis
503 3170 669 3260 publicus
695 3173 876 3262 Imperiali
901 3170 1114 3242 auctoritate
1140 3175 1301 3242 notarius
1326 3173 1573 3264 predictorum
1599 3172 1756 3242 domino·
1812 3261 1816 3268 ἱ

311 3307 318 3316 ·
380 3289 462 3335 rum
488 3271 646 3338 unanimi
666 3283 708 3341 ct
730 3273 902 3340 concordi
935 3273 1125 3341 consensui
1159 3273 1203 3341 de
1235 3271 1461 3362 impetrando
1494 3272 1758 3363 incorporando

381 3371 489 3456 atque
515 3369 673 3438 uniendo
699 3373 873 3462 prefatam
906 3373 1094 3440 ecclesiam
1127 3374 1239 3440 sancti
1266 3372 1437 3463 Stephani
1469 3374 1508 3440 in
1533 3373 1683 3442 Hhrben
1717 3393 1758 3441 ac

382 3466 550 3534 omuibus
576 3471 653 3559 alys
680 3479 715 3537 ct
739 3470 889 3561 singulis
918 3471 1105 3561 premissis
1141 3493 1285 3562 presens
1318 3469 1466 3539 interfui
1499 3482 1536 3541 et
1566 3471 1649 3539 fieri
1684 3471 1780 3560 nidi,

382 3575 418 3636 st
443 3563 566 3634 audiui
592 3569 745 3661 Ipsoque
770 3570 816 3638 de
842 3569 1011 3639 mandato
1037 3567 1282 3661 predictorum
1309 3571 1537 3666 dominorum
1562 3568 1690 3641 decani
1722 3579 1759 3643 et
1867 3595 1875 3608 ·

333 3673 342 3680 “
381 3665 535 3756 Capituli
561 3666 778 3737 Patauieneis
807 3670 877 3738 hoc
901 3691 1051 3765 pressus
1085 3667 1269 3759 publicum
1301 3671 1577 3739 instrumentum
1609 3669 1759 3762 propria

304 3791 308 3798 ¹
381 3783 494 3832 mann
516 3765 643 3857 scripsi
668 3765 845 3860 signoque
865 3777 901 3836 et
926 3771 1069 3836 nomina
1095 3771 1184 3837 mais
1208 3768 1323 3837 solitis
1348 3779 1384 3837 et
1399 3769 1578 3838 consuetis
1604 3788 1759 3838 unacum

382 3865 603 3951 appensione
629 3866 738 3956 sigilli
764 3887 951 3944 causarum
979 3864 1109 3957 prelati
1124 3867 1284 3958 Capituli
1309 3868 1530 3937 Patauiansis
1555 3866 1694 3958 signaui
1719 3865 1759 3935 in

381 3959 489 4028 fidem
524 3973 560 4030 et
593 3967 839 4033 testimonium
873 3963 1032 4033 omnium
1070 3975 1105 4034 et
1148 3967 1373 4056 singulorum
1415 3965 1673 4057 predictorum.
1708 4003 1758 4020 ·-

382 4055 499 4132 Nulli
516 4081 617 4157 ergo
642 4063 805 4136 omnino
822 4059 1031 4140 Hominum
1055 4065 1162 4137 liceat
1193 4070 1285 4139 hanc
1317 4069 1485 4162 paginam
1519 4075 1643 4138 nostra
1676 4084 1759 4138 coa·
