3848 4738
1006 217 1019 272 l

728 315 854 432 episc.
885 315 1027 404 PstAv.
1297 313 1298 318 ‘
1451 279 1568 436 '339
1692 309 1701 320 ”

181 547 367 626 Ecderlrie
386 548 532 622 ordrnr's
554 521 847 644 predicatorem
866 560 902 620 et
928 571 1029 620 sacre
1057 549 1236 642 theologia
1263 551 1448 642 professor
1469 577 1565 629 com

181 647 365 724 missorius
393 652 438 720 ad
459 650 713 746 infrascripta,
733 653 883 720 salutem
910 650 1140 736 indoctius,
1167 662 1203 720 et
1228 653 1403 723 mundetis
1429 661 1563 729 nostrie

178 775 266 844 ymo
306 753 429 822 uerius
463 750 671 842 apostolicis
707 752 860 820 firmiter
898 750 1069 837 obedire,
1108 753 1198 822 Cum
1239 755 1484 826 sanctissimus
1524 761 1561 826 in

180 853 324 922 Christo
351 863 454 940 pater
479 863 515 920 et
541 851 710 920 dominus
746 862 869 920 noster
894 851 1063 921 dominus
1088 849 1260 938 orbertus
1282 851 1406 924 diuina
1438 861 1562 947 proni·
1689 873 1692 876 ·

177 952 298 1022 dentis
320 973 426 1044 papa
449 962 587 1022 sextus
620 973 687 1042 pro
713 972 923 1042 necessarys
948 949 1023 1020 suis
1046 971 1088 1020 ac
1115 962 1239 1022 sancte
1261 955 1423 1024 Romane
1448 959 1562 1026 noctes

83 1043 96 1066 '
178 1053 231 1124 sie
263 1073 423 1143 negocys
458 1059 494 1122 et
531 1050 648 1124 causis
683 1051 995 1136 incumbentibus,
1020 1073 1091 1122 -nos
1128 1054 1366 1122 Collectorem
1399 1054 1563 1154 subesdy

176 1148 311 1222 decem
348 1147 500 1220 Milium
528 1145 778 1247 florenorum
811 1151 903 1222 neri
931 1153 968 1220 in
1005 1153 1190 1222 nonnullis
1214 1143 1490 1245 Episcopatibua
1525 1167 1561 1227 et

177 1250 381 1322 diocesibus
406 1248 446 1320 t'n
471 1247 666 1320 alamania
682 1247 963 1321 consistentibus
989 1254 1214 1322 constituerit
1239 1255 1431 1344 specialem
1459 1266 1493 1325 et
1520 1267 1561 1325 ut

176 1353 222 1420 ab
250 1343 419 1420 omnibus
443 1350 547 1420 vobis
580 1351 747 1441 superius
782 1352 975 1422 nominatis
1007 1361 1132 1442 petere
1166 1354 1331 1444 recipere
1365 1365 1401 1424 et
1438 1357 1560 1426 leusre
1677 1441 1680 1446 Ι
1741 1385 1746 1394 ·

176 1452 389 1520 auctoritete
415 1471 479 1518 sua
504 1451 702 1520 subsidium
730 1452 935 1541 predictum
967 1450 1179 1522 soluendum
1204 1453 1249 1522 de
1275 1454 1380 1524 bonis
1406 1465 1442 1524 et
1476 1478 1560 1546 pro·

174 1551 343 1620 uentibus
369 1550 618 1620 ecclesiasticis
643 1553 825 1628 veleamus
852 1573 920 1642 per
943 1572 1025 1622 suas
1061 1553 1198 1622 litteras
1231 1556 1449 1645 apostolicas
1483 1557 1560 1626 eius

178 1674 265 1720 vera
290 1653 390 1720 bulla
416 1651 584 1740 plumbea
611 1651 647 1717 in
683 1649 751 1720 litis
784 1651 828 1722 de
862 1655 1010 1744 Oenope
1046 1653 1225 1743 pendente
1259 1675 1361 1724 more
1397 1657 1560 1726 Romane

174 1751 275 1820 curie
301 1751 452 1818 bullatae
488 1748 676 1819 nostrus
708 1750 854 1840 spectati
894 1753 1011 1844 gratia
1044 1754 1221 1822 concessit
1255 1764 1292 1823 et
1332 1753 1557 1844 mandatum,

174 1873 326 1944 querum
354 1848 498 1941 quidem
525 1851 725 1920 litterarum
754 1861 858 1920 tenor
883 1848 1049 1946 sequitur
1075 1853 1166 1928 talia.
1193 1849 1376 1924 Urbanus
1401 1850 1559 1948 Epncn

168 1970 248 2044 pets
271 1971 403 2042 servus
423 1969 615 2022 seruorum
639 1948 698 2017 dei
723 1949 857 2022 dilecto
881 1948 1059 2022 hainrico
1083 1949 1278 2024 acdcrlecit
1313 1953 1452 2024 ordinis
1486 1955 1558 2026 fra·
1609 1951 1613 1956 ’
1711 1973 1713 1980 ’
1799 1959 1805 1966 ’

172 2062 268 2132 trum
296 2049 566 2141 predicatorum
593 2061 631 2119 st
655 2071 755 2118 sacre
782 2051 967 2140 theologie
994 2047 1192 2140 proieasori
1229 2054 1427 2143 apostolice
1461 2056 1557 2126 sedis

171 2151 310 2220 Nuntio
337 2151 495 2218 Salutem
521 2160 558 2218 et
583 2150 819 2241 apostolicam
844 2150 1153 2236 benedictionem,
1186 2152 1417 2222 Attendentes
1443 2154 1557 2223 fideli·

172 2252 257 2320 tetis
283 2244 457 2318 industris
483 2249 625 2340 elinque
651 2246 864 2338 multiplicia
889 2250 1018 2319 merita
1044 2250 1253 2340 probitatis,
1291 2271 1401 2341 super
1425 2252 1556 2344 quibus
1584 2331 1586 2336 ,

171 2349 268 2440 apud
294 2369 359 2418 nos
387 2359 423 2416 te
461 2348 650 2418 comendst
683 2345 866 2442 fidedigna
895 2348 1054 2420 assercio
1088 2349 1330 2440 plurimorum
1363 2361 1486 2421 nostre
1521 2365 1575 2424 et.

171 2450 324 2520 ecclesie
362 2449 524 2519 Romane
559 2449 618 2517 cui
660 2455 808 2518 auctore
852 2449 999 2520 domino
1034 2449 1258 2540 presidemus
1297 2453 1451 2544 negocia
1489 2455 1556 2523 tibt

170 2571 299 2620 secure
326 2548 582 2618 committimus
608 2561 795 2639 sperantes
820 2550 969 2634 indubie
993 2559 1029 2620 te
1053 2550 1113 2619 illa
1138 2550 1185 2620 ad
1223 2554 1473 2643 executionem
1498 2555 1557 2624 de·
1632 2601 1642 2616 -

169 2648 281 2720 bitem
304 2647 579 2740 perducturum.
608 2651 697 2718 Cum
724 2650 906 2740 itequete
923 2671 1032 2744 quem
1057 2669 1173 2740 nuper
1193 2652 1365 2720 nuncium
1393 2665 1555 2724 nostrum
1618 2685 1626 2690 ·

171 2761 208 2819 et
235 2751 474 2821 collectorem
499 2745 683 2842 fructuum
709 2749 915 2818 reddituum
941 2760 976 2820 et
1002 2760 1245 2840 prouentuum
1281 2771 1324 2818 ac
1359 2753 1555 2824 obuencio·

169 2871 258 2920 num
285 2850 657 2939 Camere-apostolice
684 2848 721 2916 in
747 2849 928 2921 nonnullis
954 2848 1169 2922 Ciuitatibus
1194 2861 1231 2920 et
1256 2849 1461 2920 dioceaibus
1486 2856 1555 2926 ala·

168 2951 288 3020 manis
314 2949 480 3020 duximus
507 2948 746 3029 ordinandum
772 2948 817 3016 ad
844 2948 1009 3020 eiusdem
1032 2951 1209 3020 alamanis
1243 2959 1365 3040 partes
1398 2951 1553 3024 destine-

168 3071 257 3141 musa
276 3049 319 3122 ed
347 3069 498 3138 presens
521 3049 586 3119 tibi
614 3047 890 3120 venerabilibus
915 3047 1090 3119 fratribus
1114 3049 1247 3119 nostris
1272 3051 1553 3147 Archiepiscopo
1669 3113 1681 3126 .

167 3149 460 3238 Saltzeburgensi
496 3169 634 3219 necnon
660 3148 920 3240 Bambergensi
952 3147 1156 3220 Petauiensi
1190 3149 1397 3240 frisingensi
1427 3156 1553 3245 Eysts·

167 3250 261 3319 tensi
286 3249 505 3338 Augustensi
532 3259 567 3320 et
588 3250 842 3339 Rstisponensl
868 3249 1057 3343 Episcopis
1085 3251 1337 3321 neccessitates
1364 3253 1554 3326 dietello-

167 3372 274 3444 mane
301 3349 451 3424 ecclesie
477 3359 514 3418 et
539 3359 680 3419 nostras
706 3353 775 3420 hoc
800 3350 1004 3442 procelloso
1031 3361 1196 3441 tempore
1221 3362 1422 3448 presentes·
1441 3376 1553 3444 engu-

168 3451 254 3520 stias
289 3449 489 3538 secundum
523 3450 757 3540 prudenciam
789 3471 811 3518 a
845 3450 914 3520 dee
949 3449 1015 3518 tibi
1049 3450 1167 3521 datam
1201 3453 1406 3542 exponendi
1439 3455 1552 3526 decla·

167 3549 271 3621 rendi
298 3560 334 3618 et
360 3549 549 3617 intimandi
571 3569 613 3618 ao
638 3549 841 3620 insinuandi
869 3549 1041 3643 ipsosque
1067 3562 1109 3620 ut
1133 3552 1297 3622 membra
1323 3553 1442 3644 Capiti
1466 3553 1551 3623 sub·

164 3650 314 3720 uenient
338 3649 522 3718 incitandi
539 3649 790 3721 commonendi
817 3659 854 3718 et
877 3647 1088 3744 requirendi
1113 3659 1149 3721 et
1174 3662 1367 3746 propterea
1400 3654 1489 3744 ipsis
1514 3665 1551 3724 et
1647 3716 1650 3723 .

168 3753 267 3822 clero
288 3769 434 3819 suarum
459 3750 646 3839 prouincie
665 3750 894 3820 Ciuitatetnm
920 3760 955 3821 et
974 3751 1171 3822 diocesium
1197 3752 1396 3822 subsidium
1422 3752 1550 3825 decem
1673 3826 1676 3832 ,
1760 3751 1764 3764 ’

166 3850 306 3922 milium
334 3851 553 3919 florenorum
579 3850 660 3920 auri
684 3847 791 3920 nobis
817 3861 854 3920 et
878 3873 1019 3922 camere
1044 3853 1206 3942 predicte
1230 3874 1299 3942 pro
1334 3852 1551 3925 necessitati·

62 4021 66 4026 ,
164 3950 234 4020 boa
260 3949 433 4041 predictis
457 3949 662 4021 releuandie
688 3952 899 4021 soluendum
928 3952 1104 4022 debonis
1132 3952 1171 4021 et
1203 3952 1441 4042 prouentibus
1474 3955 1548 4024 suis

162 4049 420 4130 aeclesiasticis,
434 4051 560 4122 Mense
586 4061 622 4120 et
654 4049 914 4126 beneficiorum
938 4075 1010 4147 qne
1039 4053 1077 4122 in
1100 4050 1423 4234 dicds‹prolr:infia
1447 4054 1550 4126 Ciui-
1630 4075 1640 4096 ¹

1329 4165 1350 4232 ὅ
1363 4159 1397 4190 ”
