3870 4718
687 390 690 400 .
726 311 989 410 hannon.

725 717 979 830 nexu.
1042 875 1046 882 .

455 958 577 1038 'Anne
609 987 707 1043 tels.
764 975 944 1060 tl.hpril.
995 979 1080 1062 epod
1104 925 1248 1044 Ulmsni.
1279 989 1298 1030 ‚¹
1329 930 1347 1012 Ἰ
1403 929 1412 997 .'

182 1183 426 1276 Fridericus
465 1183 516 1270 11.
556 1208 633 1271 rex
671 1189 934 1276 Caesariensi
973 1191 1228 1276 monasterio
1264 1192 1551 1305 possessiones

181 1304 431 1392 nominatim
462 1331 705 1420 expressas,
734 1309 801 1392 ius
828 1325 1073 1423 patronatus
1103 1307 1147 1390 in
1176 1307 1363 1393 ecclesiis
1389 1303 1551 1396 Holaen

183 1444 227 1508 et
255 1417 502 1526 Osteheim,
544 1421 750 1537 capellam
779 1424 824 1509 in
852 1423 1177 1538 Uolparsteten',
1218 1444 1359 1520 curten
1386 1418 1433 1522 iri
1460 1425 1551 1512 Ab·

180 1537 463 1646 bateshoven,
509 1538 828 1628 Seratenhoven
858 1561 901 1628 et
931 1537 1268 1646 Sundemheim,
1315 1537 1550 1649 confirmat,

202 1703 221 1732 ι.
238 1683 357 1770 ques
373 1656 434 1742 illi
464 1653 691 1744 Heinrieus
721 1659 776 1746 de
808 1657 1020 1746 Sleifderf
1046 1676 1089 1743 et
1117 1685 1229 1744 uxor
1258 1660 1353 1748 eius
1366 1659 1492 1748 Adel-

451 1770 588 1860 heidis
618 1775 908 1865 vendiderunt·
931 1794 973 1863 et
1002 1775 1278 1864 donaverunt.
1368 1819 1371 1828 ·
1447 1807 1454 1818 ·

177 2042 426 2139 (Chrismon.)
471 1985 532 2116 F.
560 2047 618 2116 dei
643 2049 759 2140 gratia
785 2071 1020 2120 romanorum
1044 2069 1110 2118 rex
1136 2058 1172 2120 st
1197 2055 1544 2143 semperaugustus.

173 2185 242 2232 rex
275 2162 421 2230 siciliae.
457 2161 636 2230 uniuersis
663 2162 797 2232 Christi
832 2159 1009 2233 fidelibus.
1044 2173 1220 2254 perpetua
1256 2185 1343 2254 pace
1378 2160 1546 2252 gaudere.

174 2264 264 2332 Cum
290 2261 329 2328 in
354 2259 462 2331 domo
488 2260 546 2328 dei
572 2261 609 2328 in
637 2263 808 2330 eminenti
834 2265 981 2352 specula
1006 2261 1193 2334 constituti
1218 2263 1385 2332 omnibus
1418 2263 1547 2332 saluta·
1620 2278 1623 2285 ·

172 2363 228 2431 ria
253 2371 291 2430 et
317 2364 465 2430 honesta
489 2359 695 2451 petentibus
723 2363 833 2432 simus
859 2363 1053 2432 debitores.
1079 2365 1236 2449 maximo
1262 2376 1384 2434 tamen
1401 2361 1547 2450 religio·

81 2481 85 2490 '
176 2484 251 2533 sam
286 2461 504 2550 eligentibus
536 2461 649 2530 uitam
686 2463 896 2538 clementiae
922 2473 1068 2533 nostrae
1102 2464 1206 2533 decet
1238 2465 1363 2534 adesse
1396 2460 1545 2554 presidi·

174 2585 248 2632 una.
296 2563 347 2630 Ea
373 2571 523 2651 propter
549 2571 674 2629 notam
701 2562 852 2632 issimus
876 2563 1056 2632 uniuersis
1083 2574 1285 2656 presentem
1307 2563 1474 2654 paginam
1493 2561 1544 2628 in·

174 2661 363 2755 spectaris.
389 2660 487 2752 quod
509 2660 691 2730 heinricus
708 2662 752 2731 de
768 2661 938 2732 sleifdorl‘
946 2676 983 2732 et
997 2684 1092 2733 uxor
1109 2661 1188 2735 eius
1203 2663 1401 2736 adelheidis
1417 2660 1544 2752 predia

175 2774 210 2832 et
234 2761 567 2855 possessionesque
584 2763 728 2852 propris
743 2763 934 2853 (propriis)
949 2762 1116 2832 duximus
1133 2764 1368 2854 exprimenda
1387 2761 1542 2830 uocabu-

172 2864 226 2931 lis.
251 2861 391 2932 scilicet
413 2861 469 2929 ius
494 2871 706 2952 patronstus
733 2881 843 2954 super
868 2861 1057 2928 ecclesiam
1082 2864 1120 2928 in
1145 2865 1286 2930 holzen.
1309 2861 1482 2949 capellam
1504 2859 1541 2925 in

173 2965 416 3054 rolparsteten
442 2969 477 3028 et
503 2959 675 3052 quasdam
702 2961 789 3028 alias
814 2960 1063 3052 possessiones
1088 2959 1223 3028 ibidem
1251 2981 1332 3028 cum
1361 2957 1541 3026 uniuersis

169 3061 369 3136 attinentiis
405 3061 489 3129 suis.
523 3061 579 3129 ius
613 3068 821 3152 patronatus
857 3060 1178 3150 supercoelestem
1203 3059 1241 3128 in
1268 3058 1432 3130 ostehein
1458 3077 1539 3128 cuns

172 3159 366 3231 attinentiis
392 3161 475 3230 suis.
505 3171 643 3229 cartem
668 3161 706 3228 in
731 3162 1009 3242 abbateshouen.
1038 3171 1175 3230 curtem
1202 3161 1239 3229 in
1266 3161 1540 3228 soratenhouen.

170 3260 336 3354 predium
370 3259 409 3328 in
444 3256 699 3330 sundernhein.
736 3261 956 3330 hereditario
988 3261 1068 3329 iare
1093 3261 1139 3328 ad
1170 3281 1209 3330 se
1243 3258 1413 3330 deuolute
1446 3279 1540 3328 cesa·
1678 3321 1681 3328 .

171 3357 282 3434 riensi
307 3361 503 3430 aecclesiae
528 3351 779 3431 uendiderunt.
796 3371 831 3430 et
848 3370 888 3428 ut
901 3371 980 3430 rata
994 3369 1087 3429 esset
1102 3357 1181 3451 ipsa
1195 3361 1367 3429 uenditio.
1383 3359 1539 3428 median·

168 3464 266 3534 tibus
292 3469 417 3529 ottone
444 3461 573 3530 comite
600 3459 645 3529 do
662 3460 824 3530 llis-berc.
841 3459 1009 3530 bertoldo
1023 3459 1153 3528 comite
1169 3459 1213 3528 de
1226 3458 1536 3552 lechesgemunde.

168 3565 337 3634 tibatone
363 3558 406 3628 de
433 3561 593 3650 albeoge.
622 3561 781 3630 cunrado
799 3560 844 3629 de
861 3561 1049 3630 stoelelen.
1066 3561 1204 3629 rolrico
1220 3558 1265 3628 de
1285 3558 1535 3652 diepdesburo.

154 3676 204 3756 ,et
229 3661 309 3732 aliis
334 3657 494 3730 honestis
520 3660 609 3729 uiris
634 3661 799 3751 predicto
822 3661 977 3730 cenobio
1002 3683 1071 3750 pes·
1086 3682 1231 3729 manum
1246 3669 1406 3728 nostram
1424 3659 1535 3726 nichil

165 3763 256 3833 iuris
281 3762 319 3830 in
343 3759 528 3850 prelibatis
554 3756 843 3852 possessionibus
865 3761 935 3830 eibi
961 3761 1158 3830 retinentes
1181 3759 1418 3830 donauerant.
1468 3758 1536 3826 Ve-

164 3885 245 3932 ram
270 3859 357 3954 quia
381 3860 490 3928 nichil
517 3871 571 3929 set
586 3861 688 3930 annis
704 3861 871 3932 uelutins.
889 3884 935 3932 ns
953 3870 1203 3930 uucrescsnte
1217 3866 1534 3942 (asucerescents)
1653 3936 1657 3942 ,

166 3963 412 4055 predictorum
436 3959 827 4032 uenditorem-sobole.
855 3985 919 4032 seu
944 3961 991 4031 ab
1003 3961 1082 4030 aliis
1093 3960 1328 4030 hereditatem
1347 3981 1446 4028 suam
1464 3957 1533 4026 sibi

165 4060 433 4156 usurpantibus.
472 4061 647 4132 iratribus
673 4072 710 4131 et
736 4062 928 4154 conuentuj
954 4061 998 4131 de
1024 4081 1170 4131 cesarea
1193 4062 1268 4130 ulla
1293 4059 1463 4148 deinceps
1488 4055 1532 4124 ds

261 4363 308 4378 Μ
