3870 4718
386 277 446 402 52
493 293 501 310 '
546 239 551 244 Ι
718 265 1369 462 ·Diplomatalmmritorum

508 553 587 609 nuta
611 542 709 620 suni,
734 553 870 632 utraque
894 541 1066 638 hebetur
1054 567 1090 610 ιιι
1116 489 1646 656 Monsoir.1u.·issatsst
1665 565 1759 616 uum·

414 655 422 672 ⁶
512 653 558 708 20
585 653 1198 709 etur-1

643 1181 737 1274 Αιιιιο
769 1206 865 1277 1216.
916 1219 947 1278 8·
972 1189 1157 1294 Septembr.¹
1200 1161 1285 1296 apud
1310 1209 1501 1274 Nurinbrre.

385 1403 630 1495 Frideu'ous
669 1404 721 1492 ll.
741 1434 845 1492 -rex
884 1404 1034 1491 domui
1073 1403 1442 1492 Theomn'ioorum
1480 1402 1525 1490 in
1564 1403 1759 1514 Arcamo

367 1522 596 1639 ,hospitale
634 1521 754 1636 apud
777 1523 975 1637 Ellingen
1011 1522 1140 1610 tradit
1180 1542 1241 1608 et·
1236 1520 1499 1626 mconfirmat
1546 1521 1665 1637 quod
1704 1555 1759 1610 ex

386 1640 727 1756 possessionibus
757 1639 950 1729 Walteri
979 1639 1035 1726 de
1064 1639 1261 1756 Ellingen
1292 1660 1334 1726 et
1359 1641 1506 1727 uxoris
1550 1642 1640 1726 eius
1670 1639 1760 1746 Ku-

387 1755 594 1873 negundis
624 1757 891 1874 temporibus
927 1759 996 1844 avi
1035 1760 1123 1892 sui,
1161 1757 1370 1845 Friderici
1405 1758 1437 1843 Ι.
1475 1759 1769 1874 imperatoria·

229 1862 236 1876 i
295 1959 303 1988 4
418 1894 712 1964 constructum
737 1873 844 1983 fuit,
880 1877 1000 1961 cuius
1033 1876 1157 1961 etiam
1187 1874 1300 1978 bona
1329 1875 1492 1989 absque
1523 1874 1729 1962 advocato

459 1996 693 2111 imperator
718 1993 788 2081 vel
816 2021 895 2080 rex
927 1991 1221 2136 solummodo
1232 1993 1414 2081 debeant
1443 1991 1678 2082 defensare.

386 2161 687 2296 FRIDERICUS
713 2224 781 2294 Dei
806 2184 929 2316 xgnatia
952 2224 1200 2295 Romanorum
1226 2226 1305 2295 Rex
1336 2247 1481 2318 semper
1510 2229 1692 2316 Augustus
1724 2233 1761 2293 et

387 2339 469 2409 Rex
493 2337 638 2430 Syeilis.
665 2338 851 2412 Vniuersis
876 2339 1010 2411 Christi
1034 2341 1202 2410 fidelibus
1228 2340 1273 2410 ad
1299 2361 1390 2432 quos
1418 2361 1567 2429 presens
1585 2340 1760 2432 scriptum

385 2440 607 2530 peruenerit.
634 2437 766 2509 Salutis
791 2449 915 2511 nostre
940 2437 1144 2512 subsidium
1167 2439 1305 2530 augeri.
1322 2452 1359 2508 et
1373 2439 1574 2510 animarum
1590 2439 1759 2511 diuomm

386 2549 900 2630 antecessorumnostrorum.
926 2541 965 2610 F.
990 2541 1050 2610 aui
1076 2541 1191 2611 nostri
1219 2549 1254 2608 et
1280 2541 1323 2608 Η.
1350 2540 1464 2629 patris
1491 2541 1760 2612 nostriinrlito·

386 2641 469 2708 ruth
495 2655 728 2710 romanorum
752 2642 1025 2732 Imperatorum.
1054 2649 1089 2710 et
1116 2635 1238 2709 nostre
1263 2639 1499 2731 languoribus
1525 2661 1598 2708 non
1623 2639 1763 2710 dubita·

385 2759 467 2809 mus
491 2739 639 2809 mederi.
667 2760 750 2810 eum
774 2741 1028 2832 religiosarum
1052 2739 1414 2832 personarumiuuie
1431 2749 1467 2808 et
1482 2739 1759 2811 rationabilibus

384 2833 628 2932 peticionibus
664 2860 769 2910 aures
801 2841 970 2934 pietatis
982 2839 1301 2910 adcommodamus
1328 2853 1365 2909 et
1390 2838 1606 2911 utilitatibus
1632 2863 1759 2912 earum

385 2949 424 3009 et
456 2939 777 3011 sustentationibus
813 2963 937 3012 euram
964 2943 1142 3010 efficacem
1169 2941 1392 3009 adhibemus
1444 2940 1531 3008 Inde
1560 2950 1627 3008 est.
1660 2939 1761 3034 quod

384 3058 455 3108 nos
479 3038 524 3106 ad
550 3036 721 3108 noticiam
748 3041 910 3112 omnium
929 3040 1062 3109 Christi
1079 3040 1240 3107 fidelium
1253 3039 1423 3106 uolumus
1438 3038 1647 3155 peruenire..
1662 3039 1763 3134 quod

236 3209 240 3216 ,
386 3157 455 3206 nos
480 3137 707 3208 attendentes
733 3136 948 3232 religionem
973 3139 1128 3208 fratrum
1152 3131 1341 3226 hospitalis
1367 3147 1490 3205 saneta
1514 3136 1667 3227 virginis
1685 3161 1760 3209 ma-

387 3236 453 3304 rie.
479 3236 577 3328 quod
602 3237 729 3340 domus
754 3236 1085 3312 theotobieorum
1073 3258 1112 3305 ιιι
1136 3255 1268 3305 acaron
1293 3244 1524 3328 nunrupatur
1550 3245 1586 3306 et
1604 3239 1762 3309 seruicia

389 3356 516 3405 eorum
542 3333 613 3428 que
637 3335 707 3429 ipsi
732 3339 863 3409 deuote
874 3339 987 3418 nobis
1013 3337 1285 3428 impenderunt:
1307 3345 1342 3402 et
1368 3336 1413 3405 de
1438 3335 1533 3407 dis
1521 3358 1559 3405 tn
1586 3335 1761 3410 dremne

386 3434 446 3505 bis
470 3435 679 3525 impendere
694 3461 768 3508 non
785 3439 971 3509 desistunt.
998 3438 1185 3528 Hospitale
1200 3433 1297 3526 apud
1315 3415 1475 3528 ellingin.
1495 3435 1595 3528 quod
1620 3458 1666 3507 ex
1677 3459 1760 3529 poa·

319 3590 324 3596 .
388 3531 610 3606 sessionibus
633 3533 754 3609 seben
766 3558 940 3608 memorre
957 3537 1149 3608 Walteriue
1166 3535 1350 3620 (Walteri)
1365 3535 1409 3606 de
1435 3536 1588 3626 ellingrn
1601 3545 1639 3606 et
1651 3538 1759 3608 ιιιιιι
1850 3607 1854 3616 ,
1919 3615 1921 3624 ,

301 3636 303 3642 ’
383 3621 1022 3730 ·gundievxoriseiusconstructum.
1049 3647 1087 3706 et
1113 3637 1159 3705 ab
1184 3635 1319 3706 eisdem
1332 3645 1542 3708 auonostro
1559 3635 1757 3708 dominnl'.
1848 3691 1851 3698 .

306 3794 312 3809 .
389 3756 625 3806 romanorum
649 3737 867 3828 Imperatori
893 3734 1008 3806 libere
1035 3719 1208 3810 traditum
1234 3746 1269 3806 et
1293 3736 1459 3808 obsolute
1479 3733 1682 3823 (absolute)
1703 3757 1760 3807 su

386 3855 455 3927 pra
479 3835 583 3905 dietis
608 3833 783 3906 iratribus
807 3837 923 3905 libere
949 3821 1166 3906 eontuliinus
1192 3846 1229 3905 et
1245 3835 1420 3908 absolute.
1436 3858 1478 3905 ea
1493 3835 1662 3906 uidelicet
1676 3857 1760 3907 eon·

388 3921 558 4010 haione.
566 3944 610 4002 ut
633 3934 671 4002 iu
696 3935 860 4028 prediolo
886 3937 1056 4028 hospitali
1082 3955 1260 4029 pauperet
1278 3933 1758 4028 reeipienturetelemutine

387 4033 525 4108 eisdem
538 4043 758 4126 erogentur.
809 4033 945 4116 strat
934 4059 1007 4110 tam
1022 4037 1164 4118 dietus
1167 4039 1349 4114 walterus
1373 4047 1411 4108 et
1434 4059 1528 4110 uxor
1553 4036 1629 4111 sius
1648 4046 1757 4130 atqua
