3804 4718
255 293 260 304 ⁸
383 329 475 414 142·
633 341 639 364 ¹
722 261 1020 434 ⁸Diplomotu
1049 298 1363 436 Imperatorum

875 703 1271 845 ucuxxvrn‘.
1344 849 1350 862 ,

687 970 781 1030 suno
813 966 909 1036 1226.
961 983 1071 1029 manse
1097 963 1277 1076 Novembra
1319 965 1447 1054 'Fagiaa

384 1149 629 1238 Fridericus
674 1143 728 1232 11.
774 1144 1007 1260 imperator
1047 1143 1353 1232 monesterium
1397 1141 1460 1229 Sti
1499 1141 1761 1231 Heimerami

445 1264 763 1374 (Emmerami),
794 1289 895 1347 cum
927 1261 1137 1348 omnibus
1152 1261 1491 1378 possessionibus
1515 1261 1630 1366 eius,
1658 1261 1704 1346 in

620 1377 848 1496 specialem
877 1407 999 1468 suam
1030 1381 1181 1492 recipit
1209 1379 1532 1492 protectionem.

387 1583 627 1713 Friderisus.
662 1637 721 1707 dei
752 1639 870 1752 gratia
892 1639 1141 1710 Romanorum
1166 1637 1369 1730 imperator
1402 1657 1546 1728 semper
1577 1585 1766 1728 augustus,
1891 1619 1892 1628 ἵ

389 1757 591 1828 Jerusalem
618 1761 655 1822 et
680 1751 802 1822 Sicilie
826 1753 916 1822 Rex.
967 1753 1039 1821 Per
1064 1768 1214 1843 presens
1240 1753 1416 1845 seriptum
1440 1753 1577 1821 Notum
1611 1749 1771 1822 iacimus

389 1853 577 1928 minensis
594 1851 762 1922 fidelibus
786 1852 921 1921 nostris
945 1852 1114 1946 Imperii,
1139 1861 1214 1924 tam
1239 1852 1469 1947 presentibus
1494 1871 1604 1945 quam
1620 1846 1768 1922 futuris.

391 1953 490 2048 quod
516 1973 582 2022 nae
609 1951 656 2021 ob
682 1951 930 2022 reuereneiam
954 1953 1232 2046 RegisRagum
1258 1973 1456 2046 perquem
1488 1951 1650 2022 feliciter*
1676 1947 1771 2020 uiui·

390 2077 471 2125 mus
505 2063 542 2122 et
565 2053 788 2144 Regnamus,
829 2051 875 2120 sd
906 2047 1151 2122 imitaeionem
1184 2076 1329 2148 qnoque
1363 2051 1593 2143 Imperatoris
1619 2051 1770 2120 Henrici

392 2152 575 2250 quondam
602 2148 716 2245 patris
740 2153 853 2220 nostri
880 2151 1085 2250 Recolende
1111 2157 1297 2222 memorie.
1322 2151 1565 2221 venerabilem
1599 2151 1770 2220 abbatem

298 2253 303 2266 '
391 2247 602 2323 Monasterii
630 2252 751 2320 Sancti
774 2250 1010 2340 'Heimeramij
1038 2261 1074 2320 et
1098 2249 1232 2323 iratres
1259 2253 1336 2343 ejus
1362 2251 1497 2320 ibidem
1525 2251 1702 2320 altissimo
1717 2251 1770 2318 fa·

393 2356 572 2424 mulcatos
597 2371 679 2420 cum
706 2351 874 2420 omnibus
902 2348 1191 2441 possessionibus
1216 2363 1252 2422 et
1275 2350 1382 2424 bonis
1408 2351 1482 2420 suis
1507 2347 1705 2420 mobilibus
1733 2359 1772 2418 et

395 2450 586 2524 stabilibus
612 2470 681 2541 que
707 2451 809 2519 Juste
834 2459 959 2520 tenent
984 2459 1020 2518 et
1046 2449 1242 2540 possident.
1269 2461 1307 2522 et
1330 2447 1475 2519 inantea
1498 2459 1682 2541 prestante
1709 2450 1772 2518 ‹lo-
1890 2505 1892 2530 2

394 2552 495 2622 mino
519 2551 626 2619 Justo
652 2547 759 2619 titulo
785 2557 959 2638 poterunt
982 2547 1159 2638 adhipisci
1185 2551 1253 2619 sub
1286 2549 1435 2641 speciali
1469 2549 1697 2640 protectione
1733 2561 1772 2618 et

397 2650 628 2733 defensione,
667 2659 792 2717 nostre
829 2647 1025 2739 recipimus
1059 2649 1267 2720 Maiestatis.
1328 2649 1551 2718 Auctoritate
1589 2652 1772 2740 presentis

397 2749 523 2840 scripti
546 2749 614 2818 sub
638 2769 732 2840 pena
757 2749 873 2840 gratis
898 2759 1023 2817 nostre
1048 2749 1289 2840 precipientes
1312 2747 1466 2818 tirmiter
1478 2748 1669 2820 uniuersis.
1685 2772 1772 2842 qua·
1891 2747 1892 2814 i

397 2852 494 2920 tinus
519 2849 641 2918 nulius
665 2846 712 2918 sit
737 2857 810 2918 tam
837 2869 955 2934 ausus,
982 2849 1044 2941 qui
1071 2848 1472 2938 predictum-abbatem.
1509 2849 1772 2942 Monasterium
1891 2909 1892 2920 ,

399 2961 435 3020 et
459 2945 591 3018 fratres
617 2948 695 3018 eius
721 2959 847 3017 contra
873 2949 980 3018 huius
1005 2945 1128 3016 nostre
1153 2948 1392 3039 protectionis
1417 2958 1598 3038 tenorem,
1626 2950 1664 3016 in
1689 2971 1772 3040 per·
1891 2993 1892 3046 t

398 3049 496 3118 sonis
522 3051 582 3116 uel
605 3047 894 3136 possessionibus
918 3056 955 3114 st
979 3046 1085 3114 bonis
1103 3047 1186 3134 ,suis
1213 3069 1283 3138 que
1307 3047 1410 3115 suste
1435 3056 1559 3117 tenent
1590 3058 1628 3118 et
1659 3049 1775 3139 possi·
1891 3053 1892 3058 ’

400 3147 497 3217 dent.
525 3155 561 3214 et
584 3143 728 3213 inantea
746 3143 851 3212 Justo
877 3141 984 3214 titulo
1008 3151 1182 3231 poterunt
1207 3144 1400 3235 adhipisei2
1420 3155 1555 3218 temere
1576 3145 1772 3218 molestare
1891 3139 1892 3156 *

400 3267 465 3315 seu
489 3241 705 3335 perturbere
731 3251 927 3334 presumat.
977 3241 1084 3338 Quod
1103 3239 1166 3335 qui
1185 3245 1456 3336 presumpserit,
1482 3243 1776 3338 indignationem

401 3343 516 3413 nostri
542 3340 724 3427 culminis,
751 3341 796 3411 Se
821 3339 966 3410 nouerit
989 3342 1233 3412 incursurum.
1282 3343 1339 3415 Ad
1363 3345 1470 3416 huius
1493 3347 1616 3439 itaque
1632 3356 1777 3440 protea·

403 3439 514 3514 tionis
539 3451 576 3509 et
601 3435 821 3511 defensionis
846 3449 968 3511 nostre
995 3442 1205 3513 memoriam
1231 3454 1269 3515 et
1293 3445 1409 3514 robur
1432 3446 1476 3515 de
1502 3456 1625 3516 cetero
1642 3449 1776 3517 ualitu·

402 3563 485 3614 rum
511 3560 660 3656 presens
685 3542 857 3634 seriptum
882 3540 972 3611 lieri.
998 3551 1035 3611 et
1059 3541 1188 3636 sigillo
1223 3544 1418 3616 maiestatis
1447 3554 1571 3616 nostre
1595 3547 1777 3617 iussimus

404 3662 629 3714 communiri.

506 3839 638 3906 Datum
664 3833 786 3930 Fugie.
813 3821 907 3909 a'nno
932 3837 1113 3912 (lominica
1137 3835 1402 3911 iucarnationis
1421 3839 1615 3911 Milleeimo
1642 3839 1776 3914 ducen-

406 3935 534 4053 tesimo
567 3933 740 4009 vicesimo
766 3937 885 4011 Sexto.
935 3941 1061 4013 Mense
1094 3939 1330 4044 Nouembris,
1362 3938 1633 4037 Quintedscime
1660 3944 1775 4014 indie·

396 4037 528 4107 tronis·
