3746 4720
661 341 664 354 '
691 339 958 434 Anthentios·

702 703 965 818 DCCClI.

388 947 484 1015 seeo
513 890 607 1009 loos.
658 951 688 1007 r.
714 939 881 1008 tannero.
930 926 1031 1024 spuo
1047 933 1267 1030 wrington.

26 1225 37 1246 ,
144 1139 352 1230 Ricardus
381 1165 482 1242 rex,
512 1133 754 1225 Ludovvico
784 1133 929 1222 comiti
947 1134 1136 1223 Palatino
1155 1133 1286 1242 Reni,
1318 1131 1416 1222 duci
1434 1133 1519 1222 Bn-

143 1261 326 1365 weriae‚
357 1255 509 1361 feuda,
545 1284 655 1370 quae
684 1253 901 1370 qnondam
931 1253 1135 1341 Alhertus
1166 1281 1309 1340 comeo
1340 1251 1394 1338 de
1423 1253 1519 1368 Dy-

144 1377 214 1462 lon
253 1377 308 1462 sb
348 1373 528 1484 imperio
568 1375 728 1478 tenuit,
774 1399 915 1485 usque
944 1371 999 1458 nd
1028 1371 1198 1458 felicem
1226 1370 1413 1457 reditum
1445 1399 1531 1472 sur

12 1533 13 1536 ¹
143 1519 214 1580 um
245 1491 302 1580 ad
331 1510 470 1603 partes
505 1492 626 1607 regni
656 1489 975 1597 Theutonioae,
1016 1489 1239 1607 committit
1269 1506 1312 1574 et
1345 1489 1519 1605 singulis

255 1609 453 1715 mandat,
484 1627 533 1696 ut
563 1607 604 1694 ei
633 1605 730 1694 loeo
760 1606 827 1692 sui
855 1625 1057 1722 tanquam
1086 1603 1260 1704 domino
1291 1603 1409 1692 feudi
1574 1613 1578 1634 '

721 1720 933 1813 obediant.

143 1899 350 2030 Rlcsrdus
380 1955 440 2029 dei
474 1957 591 2052 gretie
615 1957 861 2032 Romanorum
887 1961 966 2032 Rex
999 1981 1144 2054 semper
1170 1961 1353 2050 Angustos
1385 1953 1519 2027 illustri

145 2073 347 2146 Lndowieo
373 2075 505 2146 Comiti
531 2075 693 2148 Pololino
718 2075 812 2145 lieni
836 2077 928 2146 Dnei
953 2075 1107 2148 Bononio
1136 2070 1328 2145 lentissimo
1362 2073 1520 2164 principi

149 2183 182 2244 et
212 2175 486 2265 consanguineo
520 2197 597 2246 sno.
630 2175 785 2268 gretiam
812 2197 914 2246 susm
940 2186 976 2246 et
1000 2198 1107 2246 omne
1132 2173 1281 2244 bonum.
1344 2171 1521 2244 Gerontes

147 2273 188 2342 de
219 2286 283 2346 tue
317 2276 401 2344 fidei
436 2277 593 2366 puritate
626 2277 795 2346 fiduciam
828 2275 1030 2368 pleniorem
1063 2275 1132 2346 tibi
1165 2275 1290 2346 omnin
1313 2266 1424 2344 feodo
1449 2295 1520 2366 qne

138 2375 327 2466 ¹quondum
351 2375 492 2446 Nobilis
521 2375 576 2447 vir
601 2376 771 2447 tibertus
797 2379 927 2448 Comes
952 2376 997 2448 do
1022 2379 1142 2470 Dylon
1168 2376 1215 2444 sb
1241 2367 1398 2467 imperio
1423 2373 1519 2444 iusto

144 2476 245 2545 titulo
271 2475 393 2546 tonuit
416 2486 453 2545 et
477 2475 639 2568 possedit
662 2487 702 2548 et
726 2499 798 2570 qne
823 2499 893 2569 per
916 2488 1071 2548 mortem
1097 2473 1259 2548 eiusdem
1285 2473 1337 2545 sd
1371 2493 1518 2544 menum
1639 2563 1641 2571 y

145 2587 307 2650 nostmm
331 2585 415 2648 sunt
440 2575 585 2650 ratione
607 2576 759 2668 tmperij
786 2577 947 2668 legitime
974 2578 1147 2648 deuolute
1171 2596 1287 2668 usqne
1312 2573 1357 2644 od
1377 2573 1519 2646 felicem

144 2675 298 2746 reditum
324 2685 488 2748 nostrum
514 2677 706 2768 adportes
732 2674 851 2767 Regni
876 2679 1076 2747 Thentonie
1109 2675 1277 2746 duximus
1310 2674 1521 2745 commiten-

146 2773 196 2844 do,
222 2777 517 2862 (committendo)
543 2778 708 2846 volentes
733 2785 773 2844 ut
799 2775 920 2845 medio
946 2786 1112 2866 tempore
1137 2773 1283 2844 nomine
1309 2779 1433 2842 nostro
1455 2770 1521 2842 eis·

146 2873 222 2945 dem
246 2871 369 2946 feodis
393 2877 509 2947 libere
533 2873 691 2968 gaudens
716 2883 752 2944 et
778 2873 918 2945 frueris.
944 2875 1037 2948 vnde
1055 2873 1236 2944 uniuersis
1252 2879 1288 2942 et
1302 2871 1455 2962 singulis
1474 2872 1520 2942 sd

148 2973 249 3046 leode
277 2977 374 3048 diets
399 2967 644 3068 spectantibus
670 2975 883 3045 anctoritate
907 2974 1136 3067 presencium
1161 2969 1285 3042 domus
1321 2965 1519 3041 districtius

146 3073 183 3142 in
206 3075 382 3147 mandetis
408 3075 578 3170 quatinus
604 3075 670 3146 tibi
695 3077 778 3146 loco
803 3077 919 3146 nostri
946 3085 1129 3170 tamqnam
1155 3067 1309 3144 domino¹
1328 3069 1426 3141 feodi
1461 3091 1521 3143 ns·

150 3195 216 3266 qne
241 3177 287 3246 sd
314 3185 455 3268 tempus
483 3175 684 3268 predictum
709 3175 746 3243 in
772 3175 842 3265 hijs
867 3177 904 3245 in
933 3176 1065 3269 quibus
1088 3184 1270 3281 tenentur,
1298 3171 1468 3241 obediant
1483 3180 1520 3241 et

148 3273 342 3346 intendent.
377 3275 423 3346 sd
458 3278 604 3368 plenum
630 3275 709 3360 ⁸titi
732 3275 777 3348 de
803 3277 1013 3349 eorumdem
1040 3275 1230 3352 feodorum
1258 3267 1458 3348 redditibus
1484 3281 1522 3341 et
1586 3354 1589 3364 Δ

148 3376 385 3464 prouentibus
406 3376 679 3468 respondentes.
730 3377 770 3444 ln
785 3398 942 3476 qnorum
959 3377 1119 3446 omnium
1135 3371 1383 3470 testimoninm
1394 3383 1432 3442 et
1446 3371 1520 3440 eni·

151 3471 311 3546 deneiem
336 3477 538 3569 pleniorem
563 3479 655 3546 hero
670 3473 828 3545 litteram
845 3487 1006 3547 nostram
1023 3473 1089 3544 tibi
1104 3471 1382 3545 transmittimus
1399 3471 1521 3563 sigillo
1612 3534 1619 3542 .

147 3586 276 3672 nostro
297 3573 711 3670 Regioeommnnitpm.
759 3577 894 3647 Dsmm
920 3575 1019 3674 epod
1034 3569 1262 3667 Welingfond
1287 3570 1442 3664 septimo
1461 3570 1520 3641 die

148 3673 319 3766 anusrij.
368 3676 569 3768 indictione
596 3686 737 3772 queste.
786 3677 905 3772 Regni
930 3677 1045 3751 nostri
1070 3696 1165 3748 enno
1191 3676 1343 3772 Qonrto.
1397 3726 1401 3734 .

212 3910 245 3986 a)
272 3903 424 3992 Sigillum
460 3921 550 3972 serso
581 3905 696 3971 rubros
730 3905 944 3991 impressum,
981 3901 1038 3971 sed
1070 3889 1209 3969 ¹fractum
1235 3901 1325 3968 etin
1351 3899 1442 3966 omni
1467 3921 1522 3965 om

271 4003 407 4083 lsesnm,
431 4007 590 4089 appendet
608 4027 647 4070 ex
665 4021 831 4094 segmento
843 4006 1102 4068 membranaceo.
1153 4005 1384 4090 Fragmentum
1401 4014 1521 4076 umen,
1562 4058 1566 4074 Ι

272 4106 357 4196 quod
381 4117 497 4185 restet,
523 4117 621 4209 totsnr
647 4103 717 4173 foro
741 4107 827 4198 rogis
851 4106 887 4170 in
912 4105 1029 4170 throno
1051 4102 1191 4168 sedentis
1216 4098 1414 4188 imaginem,
1440 4099 1522 4163 beno

1122 4213 1128 4220 '
1233 4193 1311 4276 lt2*
