<?xml version="1.0" encoding="UTF-8"?>
<!DOCTYPE html PUBLIC "-//W3C//DTD XHTML 1.0 Transitional//EN"
    "http://www.w3.org/TR/xhtml1/DTD/xhtml1-transitional.dtd">
<html xmlns="http://www.w3.org/1999/xhtml" xml:lang="en" lang="en">
 <head>
  <title>
</title>
<meta http-equiv="Content-Type" content="text/html;charset=utf-8" />
  <meta name='ocr-system' content='tesseract 3.04.00' />
  <meta name='ocr-capabilities' content='ocr_page ocr_carea ocr_par ocr_line ocrx_word'/>
</head>
<body>
  <div class='ocr_page' id='page_1' title='image "./monumentaboicae22landgoog_0182.png"; bbox 0 0 3804 4718; ppageno 0'>
   <div class='ocr_carea' id='block_1_1' title="bbox 261 295 1515 449">
    <p class='ocr_par' dir='ltr' id='par_1_1' title="bbox 261 295 1515 449">
     <span class='ocr_line' id='line_1_1' title="bbox 261 295 1515 449; baseline 0.038 -71"><span class='ocrx_word' id='word_1_1' title='bbox 261 367 268 378; x_wconf 93' lang='lat'>.</span> <span class='ocrx_word' id='word_1_2' title='bbox 372 336 498 424; x_wconf 51' lang='lat'>4743</span> <span class='ocrx_word' id='word_1_3' title='bbox 812 295 1059 449; x_wconf 72' lang='lat' dir='ltr'>Diplomniu</span> <span class='ocrx_word' id='word_1_4' title='bbox 1093 328 1410 448; x_wconf 66' lang='lat' dir='ltr'><strong>Imperatorum</strong></span> <span class='ocrx_word' id='word_1_5' title='bbox 1447 399 1453 408; x_wconf 86' lang='lat'>.</span> <span class='ocrx_word' id='word_1_6' title='bbox 1511 421 1515 426; x_wconf 86' lang='lat'>.</span> 
     </span>
    </p>
   </div>
   <div class='ocr_carea' id='block_1_2' title="bbox 368 563 1791 1572">
    <p class='ocr_par' dir='ltr' id='par_1_2' title="bbox 368 563 1791 1572">
     <span class='ocr_line' id='line_1_2' title="bbox 413 563 1790 646; baseline 0.001 -8"><span class='ocrx_word' id='word_1_7' title='bbox 413 571 537 638; x_wconf 84' lang='lat' dir='ltr'>locum</span> <span class='ocrx_word' id='word_1_8' title='bbox 562 574 667 638; x_wconf 86' lang='lat' dir='ltr'>cente</span> <span class='ocrx_word' id='word_1_9' title='bbox 692 587 800 638; x_wconf 85' lang='lat' dir='ltr'>nemo</span> <span class='ocrx_word' id='word_1_10' title='bbox 826 569 981 639; x_wconf 79' lang='lat' dir='ltr'>mutabit</span> <span class='ocrx_word' id='word_1_11' title='bbox 1004 569 1081 642; x_wconf 85' lang='lat' dir='ltr'>sins</span> <span class='ocrx_word' id='word_1_12' title='bbox 1106 579 1284 639; x_wconf 76' lang='lat' dir='ltr'>consemv</span> <span class='ocrx_word' id='word_1_13' title='bbox 1308 565 1446 638; x_wconf 82' lang='lat' dir='ltr'>domini</span> <span class='ocrx_word' id='word_1_14' title='bbox 1471 575 1580 638; x_wconf 83' lang='lat' dir='ltr'>terre.</span> <span class='ocrx_word' id='word_1_15' title='bbox 1631 563 1728 640; x_wconf 88' lang='lat' dir='ltr'>item·</span> <span class='ocrx_word' id='word_1_16' title='bbox 1746 569 1790 646; x_wconf 85' lang='lat' dir='ltr'>ad</span> 
     </span>
     <span class='ocr_line' id='line_1_3' title="bbox 377 669 1789 764; baseline 0.003 -30"><span class='ocrx_word' id='word_1_17' title='bbox 377 725 389 734; x_wconf 86' lang='lat'>.</span> <span class='ocrx_word' id='word_1_18' title='bbox 415 670 548 742; x_wconf 72' lang='lat' dir='ltr'>(lentas</span> <span class='ocrx_word' id='word_1_19' title='bbox 572 673 691 740; x_wconf 86' lang='lat' dir='ltr'>nvllus</span> <span class='ocrx_word' id='word_1_20' title='bbox 715 671 904 764; x_wconf 73' lang='lat' dir='ltr'>synodalis</span> <span class='ocrx_word' id='word_1_21' title='bbox 930 683 1099 756; x_wconf 81' lang='lat' dir='ltr'>vocetur,</span> <span class='ocrx_word' id='word_1_22' title='bbox 1136 674 1227 754; x_wconf 83' lang='lat' dir='ltr'>Item</span> <span class='ocrx_word' id='word_1_23' title='bbox 1254 670 1358 740; x_wconf 85' lang='lat' dir='ltr'>Cives</span> <span class='ocrx_word' id='word_1_24' title='bbox 1384 669 1446 762; x_wconf 85' lang='lat' dir='ltr'>qui</span> <span class='ocrx_word' id='word_1_25' title='bbox 1464 669 1711 760; x_wconf 79' lang='lat' dir='ltr'>Phalburgere</span> <span class='ocrx_word' id='word_1_26' title='bbox 1738 669 1789 740; x_wconf 71' lang='lat' dir='ltr'>dt.</span> 
     </span>
     <span class='ocr_line' id='line_1_4' title="bbox 387 769 1791 865; baseline -0.001 -23"><span class='ocrx_word' id='word_1_27' title='bbox 387 828 392 849; x_wconf 81' lang='lat'>,</span> <span class='ocrx_word' id='word_1_28' title='bbox 416 781 549 842; x_wconf 83' lang='lat' dir='ltr'>cuntur</span> <span class='ocrx_word' id='word_1_29' title='bbox 573 772 717 865; x_wconf 88' lang='lat' dir='ltr'>penitus</span> <span class='ocrx_word' id='word_1_30' title='bbox 744 773 988 864; x_wconf 77' lang='lat' dir='ltr'>deponantur,</span> <span class='ocrx_word' id='word_1_31' title='bbox 1025 775 1113 841; x_wconf 87' lang='lat' dir='ltr'>item</span> <span class='ocrx_word' id='word_1_32' title='bbox 1127 773 1264 841; x_wconf 86' lang='lat' dir='ltr'>Census</span> <span class='ocrx_word' id='word_1_33' title='bbox 1289 769 1482 857; x_wconf 81' lang='lat' dir='ltr'>frumenti,</span> <span class='ocrx_word' id='word_1_34' title='bbox 1506 769 1600 853; x_wconf 86' lang='lat' dir='ltr'>vini,</span> <span class='ocrx_word' id='word_1_35' title='bbox 1624 771 1791 860; x_wconf 77' lang='lat' dir='ltr'>pecunie,</span> 
     </span>
     <span class='ocr_line' id='line_1_5' title="bbox 414 871 1790 965; baseline -0.004 -19"><span class='ocrx_word' id='word_1_36' title='bbox 414 874 473 946; x_wconf 79' lang='lat' dir='ltr'>vel</span> <span class='ocrx_word' id='word_1_37' title='bbox 499 873 577 960; x_wconf 88' lang='lat' dir='ltr'>alii,</span> <span class='ocrx_word' id='word_1_38' title='bbox 615 895 706 965; x_wconf 90' lang='lat' dir='ltr'>quos</span> <span class='ocrx_word' id='word_1_39' title='bbox 731 873 872 956; x_wconf 80' lang='lat' dir='ltr'>Rustici</span> <span class='ocrx_word' id='word_1_40' title='bbox 909 873 1172 944; x_wconf 87' lang='lat' dir='ltr'>constitrerunt</span> <span class='ocrx_word' id='word_1_41' title='bbox 1197 875 1369 942; x_wconf 85' lang='lat' dir='ltr'>hactenus</span> <span class='ocrx_word' id='word_1_42' title='bbox 1395 893 1434 940; x_wconf 86' lang='lat' dir='ltr'>se</span> <span class='ocrx_word' id='word_1_43' title='bbox 1460 871 1661 956; x_wconf 70' lang='lat' dir='ltr'>soluturos,</span> <span class='ocrx_word' id='word_1_44' title='bbox 1700 873 1790 941; x_wconf 88' lang='lat' dir='ltr'>rela-</span> 
     </span>
     <span class='ocr_line' id='line_1_6' title="bbox 413 972 1789 1066; baseline -0.004 -20"><span class='ocrx_word' id='word_1_45' title='bbox 413 983 566 1059; x_wconf 82' lang='lat' dir='ltr'>xentur,</span> <span class='ocrx_word' id='word_1_46' title='bbox 599 985 635 1042; x_wconf 91' lang='lat' dir='ltr'>et</span> <span class='ocrx_word' id='word_1_47' title='bbox 661 975 808 1044; x_wconf 89' lang='lat' dir='ltr'>vlterivs</span> <span class='ocrx_word' id='word_1_48' title='bbox 834 994 906 1043; x_wconf 83' lang='lat' dir='ltr'>non</span> <span class='ocrx_word' id='word_1_49' title='bbox 933 972 1165 1066; x_wconf 88' lang='lat' dir='ltr'>recipiantur.</span> <span class='ocrx_word' id='word_1_50' title='bbox 1199 977 1302 1060; x_wconf 57' lang='lat' dir='ltr'>nItem</span> <span class='ocrx_word' id='word_1_51' title='bbox 1336 973 1562 1064; x_wconf 78' lang='lat' dir='ltr'>principum,</span> <span class='ocrx_word' id='word_1_52' title='bbox 1593 972 1789 1063; x_wconf 73' lang='lat' dir='ltr'>Nobilium,</span> 
     </span>
     <span class='ocr_line' id='line_1_7' title="bbox 413 1065 1789 1166; baseline 0 -22"><span class='ocrx_word' id='word_1_53' title='bbox 413 1071 715 1162; x_wconf 71' lang='lat' dir='ltr'>ministerialium,</span> <span class='ocrx_word' id='word_1_54' title='bbox 741 1077 996 1162; x_wconf 88' lang='lat' dir='ltr'>Ecclesiarum,</span> <span class='ocrx_word' id='word_1_55' title='bbox 1022 1077 1185 1145; x_wconf 87' lang='lat' dir='ltr'>homines</span> <span class='ocrx_word' id='word_1_56' title='bbox 1211 1071 1353 1166; x_wconf 81' lang='lat' dir='ltr'>proprii</span> <span class='ocrx_word' id='word_1_57' title='bbox 1373 1065 1637 1143; x_wconf 69' lang='lat' dir='ltr'>in&#39;civitattbus</span> <span class='ocrx_word' id='word_1_58' title='bbox 1654 1071 1789 1144; x_wconf 68' lang='lat' dir='ltr'>nocuis</span> 
     </span>
     <span class='ocr_line' id='line_1_8' title="bbox 413 1173 1790 1268; baseline 0.001 -25"><span class='ocrx_word' id='word_1_59' title='bbox 413 1174 764 1266; x_wconf 86' lang='lat' dir='ltr'>non-recipiantur,</span> <span class='ocrx_word' id='word_1_60' title='bbox 806 1181 896 1246; x_wconf 91' lang='lat' dir='ltr'>ltcm</span> <span class='ocrx_word' id='word_1_61' title='bbox 930 1178 1155 1268; x_wconf 87' lang='lat' dir='ltr'>principibus</span> <span class='ocrx_word' id='word_1_62' title='bbox 1183 1177 1373 1244; x_wconf 76' lang='lat' dir='ltr'>Nobilibus</span> <span class='ocrx_word' id='word_1_63' title='bbox 1398 1173 1698 1243; x_wconf 83' lang='lat' dir='ltr'>Ministerialibus</span> <span class='ocrx_word' id='word_1_64' title='bbox 1724 1179 1790 1244; x_wconf 84' lang='lat' dir='ltr'>Ec·</span> 
     </span>
     <span class='ocr_line' id='line_1_9' title="bbox 368 1273 1791 1369; baseline -0.001 -24"><span class='ocrx_word' id='word_1_65' title='bbox 368 1292 373 1302; x_wconf 85' lang='lat'>&#39;</span> <span class='ocrx_word' id='word_1_66' title='bbox 414 1275 533 1345; x_wconf 86' lang='lat' dir='ltr'>elesiis</span> <span class='ocrx_word' id='word_1_67' title='bbox 560 1276 800 1367; x_wconf 73' lang='lat' dir='ltr'>proprietates</span> <span class='ocrx_word' id='word_1_68' title='bbox 827 1288 862 1346; x_wconf 90' lang='lat' dir='ltr'>et</span> <span class='ocrx_word' id='word_1_69' title='bbox 888 1278 992 1346; x_wconf 82' lang='lat' dir='ltr'>feoda</span> <span class='ocrx_word' id='word_1_70' title='bbox 1018 1301 1086 1369; x_wconf 88' lang='lat' dir='ltr'>per</span> <span class='ocrx_word' id='word_1_71' title='bbox 1112 1278 1273 1346; x_wconf 86' lang='lat' dir='ltr'>civitates</span> <span class='ocrx_word' id='word_1_72' title='bbox 1299 1273 1441 1345; x_wconf 85' lang='lat' dir='ltr'>nostras</span> <span class='ocrx_word' id='word_1_73' title='bbox 1467 1285 1661 1365; x_wconf 86' lang='lat' dir='ltr'>occupata,</span> <span class='ocrx_word' id='word_1_74' title='bbox 1689 1276 1791 1345; x_wconf 89' lang='lat' dir='ltr'>resti·</span> 
     </span>
     <span class='ocr_line' id='line_1_10' title="bbox 414 1372 1791 1472; baseline -0.002 -25"><span class='ocrx_word' id='word_1_75' title='bbox 414 1385 574 1462; x_wconf 86' lang='lat' dir='ltr'>tuantur,</span> <span class='ocrx_word' id='word_1_76' title='bbox 599 1399 666 1444; x_wconf 89' lang='lat' dir='ltr'>nec</span> <span class='ocrx_word' id='word_1_77' title='bbox 692 1378 843 1447; x_wconf 90' lang='lat' dir='ltr'>ulterius</span> <span class='ocrx_word' id='word_1_78' title='bbox 860 1391 1092 1472; x_wconf 74' lang='lat' dir='ltr'>occupentur.</span> <span class='ocrx_word' id='word_1_79' title='bbox 1145 1383 1235 1446; x_wconf 88' lang='lat' dir='ltr'>ltem</span> <span class='ocrx_word' id='word_1_80' title='bbox 1255 1377 1481 1446; x_wconf 85' lang='lat' dir='ltr'>Conductum</span> <span class='ocrx_word' id='word_1_81' title='bbox 1497 1372 1703 1466; x_wconf 87' lang='lat' dir='ltr'>principum</span> <span class='ocrx_word' id='word_1_82' title='bbox 1724 1399 1791 1467; x_wconf 88' lang='lat' dir='ltr'>per</span> 
     </span>
     <span class='ocr_line' id='line_1_11' title="bbox 414 1475 1790 1572; baseline 0.002 -27"><span class='ocrx_word' id='word_1_83' title='bbox 414 1487 550 1545; x_wconf 85' lang='lat' dir='ltr'>terram</span> <span class='ocrx_word' id='word_1_84' title='bbox 585 1499 714 1546; x_wconf 88' lang='lat' dir='ltr'>eorum</span> <span class='ocrx_word' id='word_1_85' title='bbox 748 1503 856 1572; x_wconf 85' lang='lat' dir='ltr'>quam</span> <span class='ocrx_word' id='word_1_86' title='bbox 891 1480 935 1548; x_wconf 89' lang='lat' dir='ltr'>de</span> <span class='ocrx_word' id='word_1_87' title='bbox 960 1503 1068 1550; x_wconf 82' lang='lat' dir='ltr'>manv</span> <span class='ocrx_word' id='word_1_88' title='bbox 1093 1490 1214 1547; x_wconf 88' lang='lat' dir='ltr'>nostra</span> <span class='ocrx_word' id='word_1_89' title='bbox 1242 1489 1384 1561; x_wconf 87' lang='lat' dir='ltr'>tenent,</span> <span class='ocrx_word' id='word_1_90' title='bbox 1421 1477 1459 1543; x_wconf 92' lang='lat' dir='ltr'>in</span> <span class='ocrx_word' id='word_1_91' title='bbox 1484 1475 1603 1546; x_wconf 86' lang='lat' dir='ltr'>feodo.</span> <span class='ocrx_word' id='word_1_92' title='bbox 1632 1497 1700 1566; x_wconf 82' lang='lat' dir='ltr'>per</span> <span class='ocrx_word' id='word_1_93' title='bbox 1724 1499 1790 1548; x_wconf 87' lang='lat' dir='ltr'>nos</span> 
     </span>
    </p>
   </div>
   <div class='ocr_carea' id='block_1_3' title="bbox 413 1577 1810 1670">
    <p class='ocr_par' dir='ltr' id='par_1_3' title="bbox 413 1577 1810 1670">
     <span class='ocr_line' id='line_1_12' title="bbox 413 1577 1810 1670; baseline 0.002 -22"><span class='ocrx_word' id='word_1_94' title='bbox 413 1578 472 1648; x_wconf 84' lang='lat' dir='ltr'>vel</span> <span class='ocrx_word' id='word_1_95' title='bbox 496 1588 658 1664; x_wconf 85' lang='lat' dir='ltr'>nostros,</span> <span class='ocrx_word' id='word_1_96' title='bbox 694 1600 768 1646; x_wconf 89' lang='lat' dir='ltr'>non</span> <span class='ocrx_word' id='word_1_97' title='bbox 794 1580 1051 1670; x_wconf 82' lang='lat' dir='ltr'>impediemus,</span> <span class='ocrx_word' id='word_1_98' title='bbox 1086 1582 1140 1647; x_wconf 89' lang='lat' dir='ltr'>rel</span> <span class='ocrx_word' id='word_1_99' title='bbox 1167 1579 1318 1668; x_wconf 84' lang='lat' dir='ltr'>infringi</span> <span class='ocrx_word' id='word_1_100' title='bbox 1346 1577 1561 1668; x_wconf 14' lang='lat' dir='ltr'>paciemur..</span> <span class='ocrx_word' id='word_1_101' title='bbox 1599 1579 1688 1645; x_wconf 87' lang='lat' dir='ltr'>Item</span> <span class='ocrx_word' id='word_1_102' title='bbox 1716 1599 1810 1651; x_wconf 69' lang='lat' dir='ltr'>non,</span> 
     </span>
    </p>
   </div>
   <div class='ocr_carea' id='block_1_4' title="bbox 413 1665 1896 1773">
    <p class='ocr_par' dir='ltr' id='par_1_4' title="bbox 413 1665 1896 1773">
     <span class='ocr_line' id='line_1_13' title="bbox 413 1665 1896 1773; baseline -0.001 -27"><span class='ocrx_word' id='word_1_103' title='bbox 413 1680 677 1769; x_wconf 78' lang='lat' dir='ltr'>compellantur</span> <span class='ocrx_word' id='word_1_104' title='bbox 703 1681 814 1773; x_wconf 86' lang='lat' dir='ltr'>aliqui</span> <span class='ocrx_word' id='word_1_105' title='bbox 841 1703 905 1771; x_wconf 90' lang='lat' dir='ltr'>per</span> <span class='ocrx_word' id='word_1_106' title='bbox 921 1675 1103 1766; x_wconf 79' lang='lat' dir='ltr'>Scultetos</span> <span class='ocrx_word' id='word_1_107' title='bbox 1128 1691 1274 1750; x_wconf 88' lang='lat' dir='ltr'>nostros</span> <span class='ocrx_word' id='word_1_108' title='bbox 1294 1679 1339 1746; x_wconf 86' lang='lat' dir='ltr'>ad</span> <span class='ocrx_word' id='word_1_109' title='bbox 1358 1679 1629 1747; x_wconf 88' lang='lat' dir='ltr'>restitucionem</span> <span class='ocrx_word' id='word_1_110' title='bbox 1645 1700 1787 1771; x_wconf 88' lang='lat' dir='ltr'>eorum,</span> <span class='ocrx_word' id='word_1_111' title='bbox 1895 1665 1896 1744; x_wconf 74' lang='grc' dir='ltr'>ξ</span> 
     </span>
    </p>
   </div>
   <div class='ocr_carea' id='block_1_5' title="bbox 412 1779 1790 1874">
    <p class='ocr_par' dir='ltr' id='par_1_5' title="bbox 412 1779 1790 1874">
     <span class='ocr_line' id='line_1_14' title="bbox 412 1779 1790 1874; baseline 0.004 -28"><span class='ocrx_word' id='word_1_112' title='bbox 412 1787 483 1870; x_wconf 78' lang='lat' dir='ltr'>qus</span> <span class='ocrx_word' id='word_1_113' title='bbox 506 1799 531 1844; x_wconf 90' lang='lat' dir='ltr'>a</span> <span class='ocrx_word' id='word_1_114' title='bbox 554 1779 756 1872; x_wconf 84' lang='lat' dir='ltr'>longinquo</span> <span class='ocrx_word' id='word_1_115' title='bbox 781 1792 947 1874; x_wconf 85' lang='lat' dir='ltr'>tempore</span> <span class='ocrx_word' id='word_1_116' title='bbox 972 1784 1019 1850; x_wconf 82' lang='lat' dir='ltr'>ab</span> <span class='ocrx_word' id='word_1_117' title='bbox 1046 1781 1252 1849; x_wconf 86' lang='lat' dir='ltr'>hominibus</span> <span class='ocrx_word' id='word_1_118' title='bbox 1277 1779 1379 1870; x_wconf 86' lang='lat' dir='ltr'>prius</span> <span class='ocrx_word' id='word_1_119' title='bbox 1404 1800 1513 1872; x_wconf 82' lang='lat' dir='ltr'>quarn</span> <span class='ocrx_word' id='word_1_120' title='bbox 1540 1798 1579 1848; x_wconf 88' lang='lat' dir='ltr'>se</span> <span class='ocrx_word' id='word_1_121' title='bbox 1601 1780 1637 1846; x_wconf 94' lang='lat' dir='ltr'>in</span> <span class='ocrx_word' id='word_1_122' title='bbox 1653 1781 1790 1851; x_wconf 83' lang='lat' dir='ltr'>nostris</span> 
     </span>
    </p>
   </div>
   <div class='ocr_carea' id='block_1_6' title="bbox 411 1865 1896 1975">
    <p class='ocr_par' dir='ltr' id='par_1_6' title="bbox 411 1865 1896 1975">
     <span class='ocr_line' id='line_1_15' title="bbox 411 1865 1896 1975; baseline -0.001 -23"><span class='ocrx_word' id='word_1_123' title='bbox 411 1877 618 1952; x_wconf 77' lang='lat' dir='ltr'>civitatibus</span> <span class='ocrx_word' id='word_1_124' title='bbox 644 1884 882 1972; x_wconf 69' lang='lat' dir='ltr'>collocarent,</span> <span class='ocrx_word' id='word_1_125' title='bbox 906 1892 1136 1975; x_wconf 86' lang='lat' dir='ltr'>receperant,</span> <span class='ocrx_word' id='word_1_126' title='bbox 1175 1879 1267 1952; x_wconf 85' lang='lat' dir='ltr'>item</span> <span class='ocrx_word' id='word_1_127' title='bbox 1285 1883 1322 1963; x_wconf 83' lang='lat' dir='ltr'>in</span> <span class='ocrx_word' id='word_1_128' title='bbox 1336 1880 1546 1952; x_wconf 80' lang='lat' dir='ltr'>civitatibus</span> <span class='ocrx_word' id='word_1_129' title='bbox 1564 1881 1701 1952; x_wconf 84' lang='lat' dir='ltr'>nostris</span> <span class='ocrx_word' id='word_1_130' title='bbox 1717 1884 1791 1952; x_wconf 80' lang='lat' dir='ltr'>nvi·</span> <span class='ocrx_word' id='word_1_131' title='bbox 1894 1865 1896 1950; x_wconf 63' lang='lat' dir='ltr'>J</span> 
     </span>
    </p>
   </div>
   <div class='ocr_carea' id='block_1_7' title="bbox 410 1981 1790 2176">
    <p class='ocr_par' dir='ltr' id='par_1_7' title="bbox 410 1981 1790 2176">
     <span class='ocr_line' id='line_1_16' title="bbox 410 1981 1789 2075; baseline 0.001 -25"><span class='ocrx_word' id='word_1_132' title='bbox 410 1983 467 2052; x_wconf 79' lang='lat' dir='ltr'>lua</span> <span class='ocrx_word' id='word_1_133' title='bbox 494 1989 591 2050; x_wconf 86' lang='lat' dir='ltr'>terre</span> <span class='ocrx_word' id='word_1_134' title='bbox 615 1981 855 2073; x_wconf 87' lang='lat' dir='ltr'>dampnosus,</span> <span class='ocrx_word' id='word_1_135' title='bbox 892 1987 949 2054; x_wconf 86' lang='lat' dir='ltr'>rel</span> <span class='ocrx_word' id='word_1_136' title='bbox 981 2009 1003 2054; x_wconf 82' lang='lat' dir='ltr'>a</span> <span class='ocrx_word' id='word_1_137' title='bbox 1034 1984 1155 2075; x_wconf 86' lang='lat' dir='ltr'>judice</span> <span class='ocrx_word' id='word_1_138' title='bbox 1188 1983 1423 2072; x_wconf 86' lang='lat' dir='ltr'>dampnatus,</span> <span class='ocrx_word' id='word_1_139' title='bbox 1456 1984 1515 2050; x_wconf 90' lang='lat' dir='ltr'>uel</span> <span class='ocrx_word' id='word_1_140' title='bbox 1550 1981 1789 2074; x_wconf 85' lang='lat' dir='ltr'>proscriptus,</span> 
     </span>
     <span class='ocr_line' id='line_1_17' title="bbox 410 2080 1790 2176; baseline 0 -24"><span class='ocrx_word' id='word_1_141' title='bbox 410 2081 568 2154; x_wconf 75' lang='lat' dir='ltr'>scienter</span> <span class='ocrx_word' id='word_1_142' title='bbox 593 2080 811 2174; x_wconf 87' lang='lat' dir='ltr'>recipiatur,</span> <span class='ocrx_word' id='word_1_143' title='bbox 837 2086 986 2176; x_wconf 83' lang='lat' dir='ltr'>Recepti</span> <span class='ocrx_word' id='word_1_144' title='bbox 1014 2084 1168 2155; x_wconf 80' lang='lat' dir='ltr'>convicti</span> <span class='ocrx_word' id='word_1_145' title='bbox 1195 2082 1383 2164; x_wconf 82' lang='lat' dir='ltr'>eiciantur.</span> <span class='ocrx_word' id='word_1_146' title='bbox 1433 2084 1521 2150; x_wconf 88' lang='lat' dir='ltr'>Item</span> <span class='ocrx_word' id='word_1_147' title='bbox 1548 2082 1692 2152; x_wconf 85' lang='lat' dir='ltr'>Nullam</span> <span class='ocrx_word' id='word_1_148' title='bbox 1721 2085 1790 2153; x_wconf 89' lang='lat' dir='ltr'>No·</span> 
     </span>
    </p>
   </div>
   <div class='ocr_carea' id='block_1_8' title="bbox 1894 2059 1896 2126">
    <p class='ocr_par' dir='ltr' id='par_1_8' title="bbox 1894 2059 1896 2126">
     <span class='ocr_line' id='line_1_18' title="bbox 1894 2059 1896 2126; baseline 0 0"><span class='ocrx_word' id='word_1_149' title='bbox 1894 2059 1896 2126; x_wconf 82' lang='lat' dir='ltr'>l</span> 
     </span>
    </p>
   </div>
   <div class='ocr_carea' id='block_1_9' title="bbox 409 2181 1896 2278">
    <p class='ocr_par' dir='ltr' id='par_1_9' title="bbox 409 2181 1896 2278">
     <span class='ocr_line' id='line_1_19' title="bbox 409 2181 1896 2278; baseline 0.001 -26"><span class='ocrx_word' id='word_1_150' title='bbox 409 2203 491 2252; x_wconf 80' lang='lat' dir='ltr'>vam</span> <span class='ocrx_word' id='word_1_151' title='bbox 518 2185 701 2252; x_wconf 87' lang='lat' dir='ltr'>Monetam</span> <span class='ocrx_word' id='word_1_152' title='bbox 728 2188 887 2256; x_wconf 88' lang='lat' dir='ltr'>interra</span> <span class='ocrx_word' id='word_1_153' title='bbox 915 2188 1065 2262; x_wconf 87' lang='lat' dir='ltr'>alieuius</span> <span class='ocrx_word' id='word_1_154' title='bbox 1092 2181 1267 2278; x_wconf 87' lang='lat' dir='ltr'>principis</span> <span class='ocrx_word' id='word_1_155' title='bbox 1285 2183 1366 2253; x_wconf 89' lang='lat' dir='ltr'>cudi</span> <span class='ocrx_word' id='word_1_156' title='bbox 1387 2183 1569 2270; x_wconf 85' lang='lat' dir='ltr'>faciemus,</span> <span class='ocrx_word' id='word_1_157' title='bbox 1596 2208 1787 2278; x_wconf 88' lang='lat' dir='ltr'>perquam</span> <span class='ocrx_word' id='word_1_158' title='bbox 1894 2183 1896 2208; x_wconf 74' lang='lat'><em>⁸</em></span> 
     </span>
    </p>
   </div>
   <div class='ocr_carea' id='block_1_10' title="bbox 406 2284 1788 2376">
    <p class='ocr_par' dir='ltr' id='par_1_10' title="bbox 406 2284 1788 2376">
     <span class='ocr_line' id='line_1_20' title="bbox 406 2284 1788 2376; baseline 0.004 -25"><span class='ocrx_word' id='word_1_159' title='bbox 406 2284 556 2352; x_wconf 54' lang='lat' dir='ltr'>&#39;Moneta</span> <span class='ocrx_word' id='word_1_160' title='bbox 579 2285 756 2376; x_wconf 87' lang='lat' dir='ltr'>principis</span> <span class='ocrx_word' id='word_1_161' title='bbox 783 2287 1036 2357; x_wconf 83' lang='lat' dir='ltr'>deterioretur.</span> <span class='ocrx_word' id='word_1_162' title='bbox 1084 2289 1172 2356; x_wconf 89' lang='lat' dir='ltr'>Item</span> <span class='ocrx_word' id='word_1_163' title='bbox 1192 2289 1354 2356; x_wconf 87' lang='lat' dir='ltr'>civitates</span> <span class='ocrx_word' id='word_1_164' title='bbox 1371 2297 1494 2354; x_wconf 88' lang='lat' dir='ltr'>nostre</span> <span class='ocrx_word' id='word_1_165' title='bbox 1512 2285 1788 2374; x_wconf 88' lang='lat' dir='ltr'>jurisdicionem</span> 
     </span>
    </p>
   </div>
   <div class='ocr_carea' id='block_1_11' title="bbox 408 2373 1896 2680">
    <p class='ocr_par' dir='ltr' id='par_1_11' title="bbox 408 2373 1896 2680">
     <span class='ocr_line' id='line_1_21' title="bbox 409 2373 1896 2480; baseline 0.003 -30"><span class='ocrx_word' id='word_1_166' title='bbox 409 2402 523 2470; x_wconf 86' lang='lat' dir='ltr'>suam,</span> <span class='ocrx_word' id='word_1_167' title='bbox 552 2395 655 2454; x_wconf 82' lang='lat' dir='ltr'>extra</span> <span class='ocrx_word' id='word_1_168' title='bbox 680 2409 743 2455; x_wconf 89' lang='lat' dir='ltr'>sue</span> <span class='ocrx_word' id='word_1_169' title='bbox 769 2389 922 2456; x_wconf 85' lang='lat' dir='ltr'>civitatis</span> <span class='ocrx_word' id='word_1_170' title='bbox 949 2385 1126 2457; x_wconf 86' lang='lat' dir='ltr'>ambitum</span> <span class='ocrx_word' id='word_1_171' title='bbox 1152 2409 1224 2455; x_wconf 90' lang='lat' dir='ltr'>non</span> <span class='ocrx_word' id='word_1_172' title='bbox 1244 2388 1449 2474; x_wconf 86' lang='lat' dir='ltr'>extendant,</span> <span class='ocrx_word' id='word_1_173' title='bbox 1475 2385 1546 2480; x_wconf 80' lang='lat' dir='ltr'>nisi</span> <span class='ocrx_word' id='word_1_174' title='bbox 1560 2386 1606 2453; x_wconf 90' lang='lat' dir='ltr'>ad</span> <span class='ocrx_word' id='word_1_175' title='bbox 1624 2407 1690 2455; x_wconf 90' lang='lat' dir='ltr'>nos</span> <span class='ocrx_word' id='word_1_176' title='bbox 1707 2409 1788 2477; x_wconf 88' lang='lat' dir='ltr'>per·</span> <span class='ocrx_word' id='word_1_177' title='bbox 1894 2373 1896 2404; x_wconf 89' lang='lat'>&#39;</span> 
     </span>
     <span class='ocr_line' id='line_1_22' title="bbox 408 2481 1896 2578; baseline 0.005 -28"><span class='ocrx_word' id='word_1_178' title='bbox 408 2481 540 2568; x_wconf 88' lang='lat' dir='ltr'>tineat,</span> <span class='ocrx_word' id='word_1_179' title='bbox 565 2483 775 2555; x_wconf 75' lang='lat' dir='ltr'>iurisdictio</span> <span class='ocrx_word' id='word_1_180' title='bbox 802 2489 988 2578; x_wconf 88' lang='lat' dir='ltr'>specialis,</span> <span class='ocrx_word' id='word_1_181' title='bbox 1039 2492 1128 2556; x_wconf 88' lang='lat' dir='ltr'>item</span> <span class='ocrx_word' id='word_1_182' title='bbox 1155 2489 1191 2554; x_wconf 91' lang='lat' dir='ltr'>in</span> <span class='ocrx_word' id='word_1_183' title='bbox 1219 2488 1423 2556; x_wconf 82' lang='lat' dir='ltr'>civitatibus</span> <span class='ocrx_word' id='word_1_184' title='bbox 1452 2488 1584 2556; x_wconf 89' lang='lat' dir='ltr'>nostris</span> <span class='ocrx_word' id='word_1_185' title='bbox 1611 2495 1714 2555; x_wconf 91' lang='lat' dir='ltr'>actor</span> <span class='ocrx_word' id='word_1_186' title='bbox 1735 2488 1788 2556; x_wconf 85' lang='lat' dir='ltr'>fo·</span> <span class='ocrx_word' id='word_1_187' title='bbox 1894 2501 1896 2518; x_wconf 83' lang='lat'><strong>¹</strong></span> 
     </span>
     <span class='ocr_line' id='line_1_23' title="bbox 410 2583 1896 2680; baseline 0.005 -28"><span class='ocrx_word' id='word_1_188' title='bbox 410 2603 492 2652; x_wconf 81' lang='lat' dir='ltr'>rum</span> <span class='ocrx_word' id='word_1_189' title='bbox 517 2585 585 2653; x_wconf 74' lang='lat' dir='ltr'>liei</span> <span class='ocrx_word' id='word_1_190' title='bbox 609 2597 800 2680; x_wconf 86' lang='lat' dir='ltr'>sequatur,</span> <span class='ocrx_word' id='word_1_191' title='bbox 826 2589 894 2658; x_wconf 88' lang='lat' dir='ltr'>nisi</span> <span class='ocrx_word' id='word_1_192' title='bbox 922 2592 1018 2657; x_wconf 85' lang='lat' dir='ltr'>Reus</span> <span class='ocrx_word' id='word_1_193' title='bbox 1045 2583 1104 2657; x_wconf 78' lang='lat' dir='ltr'>&#39;vel</span> <span class='ocrx_word' id='word_1_194' title='bbox 1131 2586 1276 2657; x_wconf 85' lang='lat' dir='ltr'>debitor</span> <span class='ocrx_word' id='word_1_195' title='bbox 1299 2589 1528 2680; x_wconf 83' lang='lat' dir='ltr'>principalis,</span> <span class='ocrx_word' id='word_1_196' title='bbox 1556 2587 1692 2656; x_wconf 88' lang='lat' dir='ltr'>ibidem</span> <span class='ocrx_word' id='word_1_197' title='bbox 1708 2587 1787 2658; x_wconf 80' lang='lat' dir='ltr'>fue·</span> <span class='ocrx_word' id='word_1_198' title='bbox 1879 2591 1896 2624; x_wconf 57' lang='lat' dir='ltr'><em>s</em></span> 
     </span>
    </p>
   </div>
   <div class='ocr_carea' id='block_1_12' title="bbox 408 2683 1787 2984">
    <p class='ocr_par' dir='ltr' id='par_1_12' title="bbox 408 2683 1787 2984">
     <span class='ocr_line' id='line_1_24' title="bbox 409 2683 1787 2780; baseline 0.009 -28"><span class='ocrx_word' id='word_1_199' title='bbox 409 2683 460 2753; x_wconf 88' lang='lat' dir='ltr'>rit</span> <span class='ocrx_word' id='word_1_200' title='bbox 483 2684 650 2756; x_wconf 86' lang='lat' dir='ltr'>inventus</span> <span class='ocrx_word' id='word_1_201' title='bbox 675 2710 749 2780; x_wconf 90' lang='lat' dir='ltr'>quo</span> <span class='ocrx_word' id='word_1_202' title='bbox 773 2711 859 2760; x_wconf 85' lang='lat' dir='ltr'>casr</span> <span class='ocrx_word' id='word_1_203' title='bbox 882 2687 1104 2780; x_wconf 83' lang='lat' dir='ltr'>respondeat</span> <span class='ocrx_word' id='word_1_204' title='bbox 1129 2689 1283 2776; x_wconf 89' lang='lat' dir='ltr'>ibidem,</span> <span class='ocrx_word' id='word_1_205' title='bbox 1335 2693 1424 2758; x_wconf 89' lang='lat' dir='ltr'>ltem</span> <span class='ocrx_word' id='word_1_206' title='bbox 1444 2691 1560 2758; x_wconf 88' lang='lat' dir='ltr'>Nemo</span> <span class='ocrx_word' id='word_1_207' title='bbox 1580 2689 1734 2779; x_wconf 85' lang='lat' dir='ltr'>recipiat</span> <span class='ocrx_word' id='word_1_208' title='bbox 1750 2691 1787 2764; x_wconf 86' lang='lat' dir='ltr'>iu</span> 
     </span>
     <span class='ocr_line' id='line_1_25' title="bbox 408 2784 1786 2884; baseline 0.006 -30"><span class='ocrx_word' id='word_1_209' title='bbox 408 2784 565 2877; x_wconf 79' lang='lat' dir='ltr'>pignore</span> <span class='ocrx_word' id='word_1_210' title='bbox 589 2788 688 2858; x_wconf 89' lang='lat' dir='ltr'>bona</span> <span class='ocrx_word' id='word_1_211' title='bbox 715 2791 847 2882; x_wconf 83' lang='lat' dir='ltr'>quibus</span> <span class='ocrx_word' id='word_1_212' title='bbox 873 2791 954 2884; x_wconf 89' lang='lat' dir='ltr'>quis</span> <span class='ocrx_word' id='word_1_213' title='bbox 981 2789 1185 2861; x_wconf 84' lang='lat' dir='ltr'>infeudatus</span> <span class='ocrx_word' id='word_1_214' title='bbox 1214 2801 1280 2876; x_wconf 86' lang='lat' dir='ltr'>est,</span> <span class='ocrx_word' id='word_1_215' title='bbox 1306 2791 1384 2859; x_wconf 88' lang='lat' dir='ltr'>sine</span> <span class='ocrx_word' id='word_1_216' title='bbox 1410 2811 1588 2862; x_wconf 83' lang='lat' dir='ltr'>consensu</span> <span class='ocrx_word' id='word_1_217' title='bbox 1607 2801 1642 2858; x_wconf 86' lang='lat' dir='ltr'>et</span> <span class='ocrx_word' id='word_1_218' title='bbox 1663 2807 1786 2876; x_wconf 15' lang='lat' dir='ltr'>smnus,</span> 
     </span>
     <span class='ocr_line' id='line_1_26' title="bbox 409 2887 1784 2984; baseline 0.003 -26"><span class='ocrx_word' id='word_1_219' title='bbox 409 2887 548 2978; x_wconf 77' lang='lat' dir='ltr'>domini</span> <span class='ocrx_word' id='word_1_220' title='bbox 573 2890 806 2982; x_wconf 79' lang='lat' dir='ltr'>principalis,</span> <span class='ocrx_word' id='word_1_221' title='bbox 858 2897 947 2962; x_wconf 87' lang='lat' dir='ltr'>Item</span> <span class='ocrx_word' id='word_1_222' title='bbox 974 2893 1019 2962; x_wconf 88' lang='lat' dir='ltr'>ad</span> <span class='ocrx_word' id='word_1_223' title='bbox 1045 2917 1156 2984; x_wconf 89' lang='lat' dir='ltr'>opera</span> <span class='ocrx_word' id='word_1_224' title='bbox 1183 2891 1368 2962; x_wconf 86' lang='lat' dir='ltr'>civitatum</span> <span class='ocrx_word' id='word_1_225' title='bbox 1386 2895 1505 2962; x_wconf 88' lang='lat' dir='ltr'>nullus</span> <span class='ocrx_word' id='word_1_226' title='bbox 1525 2901 1687 2980; x_wconf 84' lang='lat' dir='ltr'>cogatur,</span> <span class='ocrx_word' id='word_1_227' title='bbox 1716 2893 1784 2962; x_wconf 86' lang='lat' dir='ltr'>nisi</span> 
     </span>
    </p>
   </div>
   <div class='ocr_carea' id='block_1_13' title="bbox 409 2985 1896 3079">
    <p class='ocr_par' dir='ltr' id='par_1_13' title="bbox 409 2985 1896 3079">
     <span class='ocr_line' id='line_1_27' title="bbox 409 2985 1896 3079; baseline 0.003 -23"><span class='ocrx_word' id='word_1_228' title='bbox 409 2985 559 3074; x_wconf 80' lang='lat' dir='ltr'>dejure</span> <span class='ocrx_word' id='word_1_229' title='bbox 585 3003 771 3079; x_wconf 85' lang='lat' dir='ltr'>teneatur,</span> <span class='ocrx_word' id='word_1_230' title='bbox 820 2997 910 3064; x_wconf 76' lang='lat' dir='ltr'>Item</span> <span class='ocrx_word' id='word_1_231' title='bbox 934 2990 1101 3063; x_wconf 84' lang='lat' dir='ltr'>homines</span> <span class='ocrx_word' id='word_1_232' title='bbox 1127 2993 1337 3062; x_wconf 86' lang='lat' dir='ltr'>advocaticii</span> <span class='ocrx_word' id='word_1_233' title='bbox 1364 2993 1401 3060; x_wconf 88' lang='lat' dir='ltr'>in</span> <span class='ocrx_word' id='word_1_234' title='bbox 1424 2994 1558 3063; x_wconf 84' lang='lat' dir='ltr'>nostrie</span> <span class='ocrx_word' id='word_1_235' title='bbox 1577 2992 1785 3064; x_wconf 75' lang='lat' dir='ltr'>civitatibus</span> <span class='ocrx_word' id='word_1_236' title='bbox 1895 3049 1896 3060; x_wconf 63' lang='lat'>.</span> 
     </span>
    </p>
   </div>
   <div class='ocr_carea' id='block_1_14' title="bbox 408 3088 1786 3285">
    <p class='ocr_par' dir='ltr' id='par_1_14' title="bbox 408 3088 1786 3285">
     <span class='ocr_line' id='line_1_28' title="bbox 408 3088 1786 3186; baseline 0.007 -32"><span class='ocrx_word' id='word_1_237' title='bbox 408 3088 627 3177; x_wconf 86' lang='lat' dir='ltr'>residentes,</span> <span class='ocrx_word' id='word_1_238' title='bbox 664 3093 831 3184; x_wconf 82' lang='lat' dir='ltr'>antiqua,</span> <span class='ocrx_word' id='word_1_239' title='bbox 865 3106 901 3163; x_wconf 88' lang='lat' dir='ltr'>et</span> <span class='ocrx_word' id='word_1_240' title='bbox 925 3095 1049 3163; x_wconf 85' lang='lat' dir='ltr'>debita</span> <span class='ocrx_word' id='word_1_241' title='bbox 1072 3088 1267 3162; x_wconf 88' lang='lat' dir='ltr'>aduocacie</span> <span class='ocrx_word' id='word_1_242' title='bbox 1294 3093 1383 3160; x_wconf 88' lang='lat' dir='ltr'>Jura</span> <span class='ocrx_word' id='word_1_243' title='bbox 1409 3096 1637 3182; x_wconf 87' lang='lat' dir='ltr'>persoluant,</span> <span class='ocrx_word' id='word_1_244' title='bbox 1665 3116 1786 3186; x_wconf 86' lang='lat' dir='ltr'>neque</span> 
     </span>
     <span class='ocr_line' id='line_1_29' title="bbox 408 3184 1785 3285; baseline 0.004 -27"><span class='ocrx_word' id='word_1_245' title='bbox 408 3184 578 3258; x_wconf 84' lang='lat' dir='ltr'>indebitis</span> <span class='ocrx_word' id='word_1_246' title='bbox 606 3191 858 3262; x_wconf 71' lang='lat' dir='ltr'>exactionibus</span> <span class='ocrx_word' id='word_1_247' title='bbox 883 3196 1140 3277; x_wconf 79' lang='lat' dir='ltr'>molestentur,</span> <span class='ocrx_word' id='word_1_248' title='bbox 1190 3195 1278 3260; x_wconf 88' lang='lat' dir='ltr'>Item</span> <span class='ocrx_word' id='word_1_249' title='bbox 1305 3193 1468 3264; x_wconf 87' lang='lat' dir='ltr'>homines</span> <span class='ocrx_word' id='word_1_250' title='bbox 1485 3193 1645 3285; x_wconf 88' lang='lat' dir='ltr'>proprii,</span> <span class='ocrx_word' id='word_1_251' title='bbox 1671 3195 1785 3264; x_wconf 82' lang='lat' dir='ltr'>aduo-</span> 
     </span>
    </p>
   </div>
   <div class='ocr_carea' id='block_1_15' title="bbox 408 3287 1896 3386">
    <p class='ocr_par' dir='ltr' id='par_1_15' title="bbox 408 3287 1896 3386">
     <span class='ocr_line' id='line_1_30' title="bbox 408 3287 1896 3386; baseline 0.005 -28"><span class='ocrx_word' id='word_1_252' title='bbox 408 3287 546 3375; x_wconf 78' lang='lat' dir='ltr'>catiaii,</span> <span class='ocrx_word' id='word_1_253' title='bbox 576 3287 754 3378; x_wconf 84' lang='lat' dir='ltr'>feodales,</span> <span class='ocrx_word' id='word_1_254' title='bbox 781 3295 843 3386; x_wconf 87' lang='lat' dir='ltr'>qai</span> <span class='ocrx_word' id='word_1_255' title='bbox 870 3293 914 3361; x_wconf 89' lang='lat' dir='ltr'>ad</span> <span class='ocrx_word' id='word_1_256' title='bbox 939 3293 1107 3362; x_wconf 89' lang='lat' dir='ltr'>dominos</span> <span class='ocrx_word' id='word_1_257' title='bbox 1134 3314 1218 3364; x_wconf 88' lang='lat' dir='ltr'>suos</span> <span class='ocrx_word' id='word_1_258' title='bbox 1246 3295 1399 3364; x_wconf 80' lang='lat' dir='ltr'>transire</span> <span class='ocrx_word' id='word_1_259' title='bbox 1424 3297 1621 3382; x_wconf 88' lang='lat' dir='ltr'>voluerint,</span> <span class='ocrx_word' id='word_1_260' title='bbox 1648 3295 1695 3363; x_wconf 92' lang='lat' dir='ltr'>ad</span> <span class='ocrx_word' id='word_1_261' title='bbox 1712 3317 1785 3364; x_wconf 85' lang='lat' dir='ltr'>ma·</span> <span class='ocrx_word' id='word_1_262' title='bbox 1895 3349 1896 3352; x_wconf 16' lang='grc' dir='ltr'>η</span> 
     </span>
    </p>
   </div>
   <div class='ocr_carea' id='block_1_16' title="bbox 407 3387 1785 3481">
    <p class='ocr_par' dir='ltr' id='par_1_16' title="bbox 407 3387 1785 3481">
     <span class='ocr_line' id='line_1_31' title="bbox 407 3387 1785 3481; baseline 0.004 -23"><span class='ocrx_word' id='word_1_263' title='bbox 407 3387 566 3458; x_wconf 85' lang='lat' dir='ltr'>neudum</span> <span class='ocrx_word' id='word_1_264' title='bbox 592 3413 614 3458; x_wconf 84' lang='lat' dir='ltr'>a</span> <span class='ocrx_word' id='word_1_265' title='bbox 637 3396 770 3464; x_wconf 86' lang='lat' dir='ltr'>nostris</span> <span class='ocrx_word' id='word_1_266' title='bbox 796 3395 958 3464; x_wconf 89' lang='lat' dir='ltr'>officiatis</span> <span class='ocrx_word' id='word_1_267' title='bbox 984 3415 1060 3462; x_wconf 89' lang='lat' dir='ltr'>non</span> <span class='ocrx_word' id='word_1_268' title='bbox 1085 3403 1270 3481; x_wconf 77' lang='lat' dir='ltr'>orientur,</span> <span class='ocrx_word' id='word_1_269' title='bbox 1322 3395 1469 3468; x_wconf 81' lang='lat' dir='ltr'>&#39;l&#39;alibus</span> <span class='ocrx_word' id='word_1_270' title='bbox 1504 3409 1625 3478; x_wconf 83' lang='lat' dir='ltr'>autem</span> <span class='ocrx_word' id='word_1_271' title='bbox 1649 3395 1785 3465; x_wconf 86' lang='lat' dir='ltr'>benefi-</span> 
     </span>
    </p>
   </div>
   <div class='ocr_carea' id='block_1_17' title="bbox 408 3486 1896 3588">
    <p class='ocr_par' dir='ltr' id='par_1_17' title="bbox 408 3486 1896 3588">
     <span class='ocr_line' id='line_1_32' title="bbox 408 3486 1896 3588; baseline 0.003 -26"><span class='ocrx_word' id='word_1_272' title='bbox 408 3486 473 3562; x_wconf 77' lang='lat' dir='ltr'>aiis</span> <span class='ocrx_word' id='word_1_273' title='bbox 500 3487 650 3562; x_wconf 87' lang='lat' dir='ltr'>dilectos</span> <span class='ocrx_word' id='word_1_274' title='bbox 675 3496 780 3565; x_wconf 84' lang='lat' dir='ltr'>nobis</span> <span class='ocrx_word' id='word_1_275' title='bbox 808 3496 1039 3565; x_wconf 83' lang='lat' dir='ltr'>honorabrles</span> <span class='ocrx_word' id='word_1_276' title='bbox 1064 3494 1251 3588; x_wconf 84' lang='lat' dir='ltr'>principes</span> <span class='ocrx_word' id='word_1_277' title='bbox 1285 3499 1450 3566; x_wconf 86' lang='lat' dir='ltr'>maiestas</span> <span class='ocrx_word' id='word_1_278' title='bbox 1485 3497 1647 3568; x_wconf 84' lang='lat' dir='ltr'>decrerit</span> <span class='ocrx_word' id='word_1_279' title='bbox 1679 3498 1784 3587; x_wconf 81' lang='lat' dir='ltr'>regia</span> <span class='ocrx_word' id='word_1_280' title='bbox 1895 3547 1896 3556; x_wconf 62' lang='lat'>.</span> 
     </span>
    </p>
   </div>
   <div class='ocr_carea' id='block_1_18' title="bbox 404 3592 1784 3990">
    <p class='ocr_par' dir='ltr' id='par_1_18' title="bbox 404 3592 1784 3990">
     <span class='ocr_line' id='line_1_33' title="bbox 405 3592 1783 3690; baseline 0.004 -29"><span class='ocrx_word' id='word_1_281' title='bbox 405 3592 608 3680; x_wconf 77' lang='lat' dir='ltr'>prevenire.</span> <span class='ocrx_word' id='word_1_282' title='bbox 634 3597 742 3664; x_wconf 85' lang='lat' dir='ltr'>saluis</span> <span class='ocrx_word' id='word_1_283' title='bbox 769 3597 989 3690; x_wconf 73' lang='lat' dir='ltr'>privilegiis,</span> <span class='ocrx_word' id='word_1_284' title='bbox 1014 3620 1037 3665; x_wconf 85' lang='lat' dir='ltr'>a</span> <span class='ocrx_word' id='word_1_285' title='bbox 1063 3608 1189 3667; x_wconf 89' lang='lat' dir='ltr'>nostro</span> <span class='ocrx_word' id='word_1_286' title='bbox 1216 3599 1381 3688; x_wconf 83' lang='lat' dir='ltr'>genitore</span> <span class='ocrx_word' id='word_1_287' title='bbox 1408 3599 1585 3689; x_wconf 87' lang='lat' dir='ltr'>optentis,</span> <span class='ocrx_word' id='word_1_288' title='bbox 1612 3607 1648 3664; x_wconf 91' lang='lat' dir='ltr'>et</span> <span class='ocrx_word' id='word_1_289' title='bbox 1671 3597 1718 3663; x_wconf 90' lang='lat' dir='ltr'>ab</span> <span class='ocrx_word' id='word_1_290' title='bbox 1739 3618 1783 3666; x_wconf 93' lang='lat' dir='ltr'>eo</span> 
     </span>
     <span class='ocr_line' id='line_1_34' title="bbox 404 3691 1782 3792; baseline 0.007 -32"><span class='ocrx_word' id='word_1_291' title='bbox 404 3691 464 3760; x_wconf 69' lang='lat' dir='ltr'>val</span> <span class='ocrx_word' id='word_1_292' title='bbox 489 3714 509 3760; x_wconf 84' lang='lat' dir='ltr'>a</span> <span class='ocrx_word' id='word_1_293' title='bbox 535 3691 642 3761; x_wconf 87' lang='lat' dir='ltr'>nobis</span> <span class='ocrx_word' id='word_1_294' title='bbox 667 3695 703 3762; x_wconf 92' lang='lat' dir='ltr'>in</span> <span class='ocrx_word' id='word_1_295' title='bbox 731 3709 916 3785; x_wconf 84' lang='lat' dir='ltr'>posterum</span> <span class='ocrx_word' id='word_1_296' title='bbox 943 3698 1174 3788; x_wconf 82' lang='lat' dir='ltr'>optinendis,</span> <span class='ocrx_word' id='word_1_297' title='bbox 1197 3699 1334 3768; x_wconf 85' lang='lat' dir='ltr'>Eodem</span> <span class='ocrx_word' id='word_1_298' title='bbox 1361 3701 1605 3792; x_wconf 83' lang='lat' dir='ltr'>quoqueJure</span> <span class='ocrx_word' id='word_1_299' title='bbox 1619 3697 1782 3790; x_wconf 77' lang='lat' dir='ltr'>gaudere</span> 
     </span>
     <span class='ocr_line' id='line_1_35' title="bbox 406 3791 1784 3886; baseline 0.006 -24"><span class='ocrx_word' id='word_1_300' title='bbox 406 3791 814 3886; x_wconf 64' lang='lat' dir='ltr'>tolumumassallos,</span> <span class='ocrx_word' id='word_1_301' title='bbox 843 3799 1114 3886; x_wconf 83' lang='lat' dir='ltr'>ministeriales,</span> <span class='ocrx_word' id='word_1_302' title='bbox 1140 3801 1322 3886; x_wconf 86' lang='lat' dir='ltr'>homines,</span> <span class='ocrx_word' id='word_1_303' title='bbox 1348 3811 1384 3869; x_wconf 90' lang='lat' dir='ltr'>et</span> <span class='ocrx_word' id='word_1_304' title='bbox 1409 3801 1593 3885; x_wconf 84' lang='lat' dir='ltr'>civitates,</span> <span class='ocrx_word' id='word_1_305' title='bbox 1619 3800 1725 3870; x_wconf 88' lang='lat' dir='ltr'>nobis</span> <span class='ocrx_word' id='word_1_306' title='bbox 1743 3811 1784 3870; x_wconf 83' lang='lat' dir='ltr'>et</span> 
     </span>
     <span class='ocr_line' id='line_1_36' title="bbox 404 3891 1781 3990; baseline 0.008 -31"><span class='ocrx_word' id='word_1_307' title='bbox 404 3891 562 3982; x_wconf 84' lang='lat' dir='ltr'>Imperio</span> <span class='ocrx_word' id='word_1_308' title='bbox 589 3894 792 3967; x_wconf 86' lang='lat' dir='ltr'>attinentes.</span> <span class='ocrx_word' id='word_1_309' title='bbox 841 3901 968 3969; x_wconf 85' lang='lat' dir='ltr'>Testes</span> <span class='ocrx_word' id='word_1_310' title='bbox 1000 3912 1084 3971; x_wconf 88' lang='lat' dir='ltr'>sunt</span> <span class='ocrx_word' id='word_1_311' title='bbox 1108 3900 1158 3968; x_wconf 89' lang='lat' dir='ltr'>bii</span> <span class='ocrx_word' id='word_1_312' title='bbox 1186 3897 1340 3970; x_wconf 85' lang='lat' dir='ltr'>Sisridus</span> <span class='ocrx_word' id='word_1_313' title='bbox 1366 3903 1598 3990; x_wconf 76' lang='lat' dir='ltr'>Maguntinus</span> <span class='ocrx_word' id='word_1_314' title='bbox 1623 3905 1781 3974; x_wconf 84' lang='lat' dir='ltr'>Electus.</span> 
     </span>
    </p>
   </div>
   <div class='ocr_carea' id='block_1_19' title="bbox 403 3992 1896 4093">
    <p class='ocr_par' dir='ltr' id='par_1_19' title="bbox 403 3992 1896 4093">
     <span class='ocr_line' id='line_1_37' title="bbox 403 3992 1896 4093; baseline 0.005 -27"><span class='ocrx_word' id='word_1_315' title='bbox 403 3992 470 4066; x_wconf 74' lang='lat' dir='ltr'>Tb.</span> <span class='ocrx_word' id='word_1_316' title='bbox 494 3993 729 4067; x_wconf 80' lang='lat' dir='ltr'>Trevirensis.</span> <span class='ocrx_word' id='word_1_317' title='bbox 781 4004 819 4068; x_wconf 76' lang='lat' dir='ltr'>A.</span> <span class='ocrx_word' id='word_1_318' title='bbox 844 4001 1182 4093; x_wconf 75' lang='lat' dir='ltr'>Magdeburgensis.</span> <span class='ocrx_word' id='word_1_319' title='bbox 1236 4003 1279 4070; x_wconf 83' lang='lat' dir='ltr'>ll.</span> <span class='ocrx_word' id='word_1_320' title='bbox 1317 4002 1544 4072; x_wconf 86' lang='lat' dir='ltr'>Coloniensis</span> <span class='ocrx_word' id='word_1_321' title='bbox 1576 4003 1782 4093; x_wconf 78' lang='lat' dir='ltr'>Archiepis-</span> <span class='ocrx_word' id='word_1_322' title='bbox 1895 3997 1896 4000; x_wconf 45' lang='lat'>&#39;</span> 
     </span>
    </p>
   </div>
   <div class='ocr_carea' id='block_1_20' title="bbox 404 4092 1779 4219">
    <p class='ocr_par' dir='ltr' id='par_1_20' title="bbox 404 4092 1779 4219">
     <span class='ocr_line' id='line_1_38' title="bbox 404 4092 1779 4219; baseline 0.008 -57"><span class='ocrx_word' id='word_1_323' title='bbox 404 4092 511 4192; x_wconf 81' lang='lat' dir='ltr'>aspi,</span> <span class='ocrx_word' id='word_1_324' title='bbox 562 4096 958 4219; x_wconf 56' lang='lat' dir='ltr'>ammaburgensis.</span> <span class='ocrx_word' id='word_1_325' title='bbox 1011 4104 1056 4174; x_wconf 87' lang='lat' dir='ltr'>H.</span> <span class='ocrx_word' id='word_1_326' title='bbox 1087 4102 1414 4204; x_wconf 82' lang='lat' dir='ltr'>Wormaciensis..</span> <span class='ocrx_word' id='word_1_327' title='bbox 1464 4103 1779 4195; x_wconf 68' lang='lat' dir='ltr'>argentinensis..</span> 
     </span>
    </p>
   </div>
   <div class='ocr_carea' id='block_1_21' title="bbox 0 0 1906 4713">
    <p class='ocr_par' dir='ltr' id='par_1_21' title="bbox 0 0 1906 4713">
     <span class='ocr_line' id='line_1_39' title="bbox 0 0 1906 4713; baseline 0 0"><span class='ocrx_word' id='word_1_328' title='bbox 0 0 1906 4713; x_wconf 95' lang='lat' dir='ltr'> </span> 
     </span>
    </p>
   </div>
  </div>
 </body>
</html>
