3746 4720
250 371 255 386 .
344 301 432 407 360
527 328 529 340 ·
741 291 987 428 Diplomata
1014 305 1329 424 Imperatorum
1402 255 1407 267 .
1506 275 1518 286 ¹

342 547 479 636 dictos
517 516 749 631 avttuculos
785 571 885 630 suos
915 506 1172 628 Lodrvicum
1206 559 1249 625 et
1284 537 1535 627 Heinricum
1570 504 1725 660 olidus

461 661 623 752 divisio
650 661 715 798 del
731 660 957 779 praedictis
987 657 1318 777 proprietatibus
1348 653 1569 746 habeatur.

335 857 564 992 COnrsdus
591 917 775 988 Secundus
802 917 859 987 dei
884 905 1002 1010 gratia*
1033 918 1236 987 Jerusalem
1271 925 1309 984 et
1340 915 1474 1007 Sycilie
1507 917 1597 986 Rex.
1623 922 1720 992 Dux

333 1037 498 1124 Sweuie,
522 1037 688 1104 Humana
712 1017 842 1105 natura
866 1034 952 1126 quia
984 1032 1102 1103 labilis
1120 1039 1192 1101 'est
1223 1039 1261 1100 et
1292 1030 1416 1099 breuis
1449 1053 1619 1102 necessse
1656 1045 1718 1105 eat

334 1136 595 1206 admemoriam
622 1137 744 1203 rerum
770 1143 952 1225 gestarum
977 1130 1212 1202 obtinendam
1244 1122 1423 1218 scripture
1460 1133 1720 1204 testimonium

262 1223 265 1230 ¹
332 1235 508 1306 adhiberi.
560 1239 700 1304 Tenere
725 1235 848 1325 itaque
874 1233 1096 1323 presentium
1120 1229 1356 1320 protestando
1381 1230 1527 1319 publice
1558 1233 1718 1322 profite-

260 1323 266 1334 ’
332 1357 415 1405 mur
440 1343 477 1404 et
502 1345 629 1401 notum
646 1329 807 1403 ‘facimus
830 1329 1011 1404 bniuersis
1037 1329 1259 1399 intuentibus
1292 1330 1423 1398 seriem
1447 1330 1554 1428 buius
1578 1333 1719 1425 scripti

301 1477 304 1494 ι
333 1433 431 1528 quod
455 1455 521 1504 nos
548 1433 785 1504 consideratis
808 1435 995 1503 laboribus
1022 1442 1057 1501 et
1086 1425 1254 1521 expensis
1290 1450 1379 1520 quas
1413 1428 1621 1500 Avunculus
1649 1453 1720 1504 no·

330 1544 406 1603 ster
430 1533 648 1604 Rarissimus
683 1535 879 1606 Ludwicus
912 1532 1063 1602 illustris
1097 1533 1227 1603 Comes
1260 1529 1441 1600 Palatinus
1474 1531 1591 1600 Rheni
1623 1533 1717 1604 Dux

294 1629 296 1636 '
329 1633 517 1718 Bawarie,
544 1633 773 1722 procedendo
799 1634 988 1703 nobiscum
1017 1633 1054 1698 in
1087 1653 1259 1702 veronam
1292 1652 1375 1700 cum
1409 1633 1561 1707 honesta
1592 1654 1718 1704 arma·

328 1742 450 1802 torum
476 1742 512 1801 et
537 1728 693 1802 rnilitum
720 1733 893 1801 comitiua
919 1741 956 1802 et'
979 1730 1114 1800 ibidem
1141 1731 1268 1800 stando
1302 1731 1340 1800 in
1374 1730 1716 1810 nostris·serviciis

143 1844 147 1852 '
208 1821 212 1827 ’
329 1829 374 1900 de
400 1841 498 1900 certa
524 1841 648 1900 nostra
674 1842 710 1899 et
736 1834 922 1901 consulum
958 1855 999 1900 ac
1036 1829 1254 1901 Oiiicialium
1288 1840 1497 1899 nostrorum
1532 1831 1716 1904 videlicet
1764 1865 1769 1870 ·
1867 1817 1871 1842 ¹

327 1929 482 2000 Ruberti
506 1930 724 2020 Filmagery.
777 1930 944 2022 Magistri
976 1931 1073 2000 Petri
1106 1931 1150 2000 de
1186 1932 1316 2014 Prone,
1351 1929 1526 1999 Friderici
1560 1929 1715 2026 Notat-y

231 2029 237 2046 ‘
327 2033 445 2100 nostri
471 2049 513 2097 ac
539 2031 651 2098 Vlrici
677 2031 723 2098 de
747 2031 980 2100 Memendori
1002 2031 1221 2101 conscientia
1247 2031 1513 2122 fecit,t1uiab
1540 2029 1714 2102 officiali·

325 2129 395 2200 bus
421 2129 582 2200 ciusdem
608 2132 775 2202 Awuculi
800 2133 914 2202 nostri
942 2133 1089 2202 fuerunt
1114 2131 1158 2200 dc
1183 2131 1272 2221 ipsis
1307 2127 1475 2221 expensis
1505 2131 1712 2203 rationabi-

286 2277 289 2285 ‚
327 2230 414 2298 liter
451 2230 621 2320 expediti.
663 2232 781 2300 eidem
818 2235 985 2326 awuculo
1006 2241 1148 2314 „nostro
1189 2232 1501 2320 irrecompensam
1539 2232 1711 2320 ipsarum

234 2371 239 2384 ·
326 2350 584 2418 expensarum,
617 2353 706 2422 quas
733 2332 804 2422 ipsi
830 2342 916 2401 tunc
948 2331 1121 2422 temporis
1156 2331 1427 2406 licettmultum
1457 2334 1711 2407 neocaesariae

324 2427 510 2499 habuisset
536 2431 678 2498 soluere
703 2430 941 2522 nequibamus
966 2430 1199 2498 Aduocatiam
1225 2427 1389 2498 Ciuitatis
1414 2442 1537 2500 nostre
1561 2431 1603 2500 ln
1628 2437 1709 2503 Au·

325 2537 434 2617 gusta
458 2530 623 2596 Castrum
649 2539 813 2598 nostrum
839 2531 996 2603 Swabek
1020 2553 1102 2598 cum
1128 2531 1227 2598 omni
1250 2529 1449 2602 aduocatio
1475 2551 1582 2622 quam
1612 2543 1727 2624 aput·

326 2625 480 2696 Stratum
507 2649 619 2718 super
642 2625 806 2700 homines
832 2631 999 2698 et‘bona
1032 2627 1193 2699 omnium
1224 2629 1489 2715 Ecclesiarum,
1523 2627 1709 2720 Ciuitatis,

325 2735 360 2796 at
386 2725 551 2817 dyocesis
576 2729 759 2798 habemus.
810 2733 899 2796 item
930 2728 1163 2799 Adaooatiarn
1195 2747 1306 2817 super
1340 2727 1503 2802 homines
1538 2737 1576 2794 et
1599 2731 1706 2800 bona

158 2811 163 2818 ¹
263 2815 270 2836 ⁸
321 2825 484 2898 Ecclesie
508 2826 546 2896 in
571 2829 716 2898 Fuezcn
743 2837 778 2898 et
804 2830 949 2898 Curiam
974 2840 1137 2899 nostram
1171 2849 1281 2918 supra
1316 2837 1475 2896 montem
1508 2847 1591 2901 curu
1624 2851 1708 2901 om·

323 2926 441 3006 uibus¹
456 2928 598 2997 iuribus
621 2927 791 3012 iudiciis,
829 2929 1036 2998 Aduocatiis
1062 2939 1098 2996 et
1122 2925 1355 3018 pertinenciis
1388 2927 1586 3010 eorundem
1611 2953 1708 3023 que-

323 3024 400 3096 sitis
427 3036 464 3094 et
489 3027 713 3116 inquirendis
739 3028 844 3096 cultis
871 3037 908 3096 et
939 3027 1084 3096 incultis
1117 3027 1215 3116 agris
1251 3027 1366 3104 Pratis
1384 3027 1560 3114 ,Paeonia
1593 3031 1701 3102 silvis

256 3157 259 3164 =
322 3126 575 3194 venationibus
614 3146 790 3216 aquarum
834 3125 1066 3210 decursibus,
1105 3125 1408 3218 proprietatibus,
1446 3125 1615 3199 videlicet
1657 3141 1700 3200 ct

322 3219 565 3294 Phcodalibus
589 3221 696 3289 bonis
722 3243 789 3313 pro
811 3223 990 3293 duobus
1015 3225 1163 3295 Milibus
1188 3225 1393 3295 Marcarum
1419 3227 1561 3316 argenti
1591 3229 1702 3305 Colo·

320 3320 456 3389 niensis
476 3319 653 3418 ¹ponderis
679 3319 785 3391 titulo
810 3323 975 3413 pignoris
1002 3325 1203 3416 obligamus
1230 3325 1364 3394 tamdiu
1388 3323 1607 3418 postidenda
1631 3327 1701 3420 do·

320 3439 388 3488 nec
412 3420 481 3490 sibi
515 3431 553 3491 et
585 3419 657 3490 suis
685 3423 883 3495 heredibus
915 3445 984 3516 per
1015 3423 1083 3495 no's
1116 3429 1460 3518 ucl'quoscumque
1492 3427 1698 3499 eorundem

156 3571 166 3588 ,
238 3601 250 3614 ..
318 3519 500 3589 bonorum
526 3531 735 3592 nostrorum
757 3545 986 3595 successores
1012 3523 1107 3595 dieta
1132 3525 1308 3616 peccunia
1333 3526 1559 3617 integraliter
1577 3528 1697 3598 iuer-it

319 3622 517 3710 persoluta.
566 3622 721 3692 Domum
745 3632 784 3694 vt
810 3625 963 3695 eundem
984 3628 1199 3696 Awnculum
1228 3625 1415 3711 nostrum,
1449 3648 1557 3720 quem
1576 3635 1693 3720 prop-

319 3727 378 3786 ter
402 3739 466 3788 sue
492 3715 577 3788 fidei
603 3723 733 3794 merita
756 3725 903 3815 speciali
929 3726 1120 3798 dilectione
1145 3727 1241 3796 inter
1265 3727 1356 3796 alios
1384 3727 1526 3796 Amicos
1543 3736 1694 3803 nostros

182 3878 185 3899 ,.
318 3813 412 3887 v'tnis
437 3820 705 3910 patencioribus
729 3826 995 3915 amplexamur,
1030 3829 1061 3896 si
1094 3825 1193 3919 quod
1225 3827 1434 3896 absit.'ante
1469 3826 1692 3898 solutionem

319 3915 500 3990 dictorum
526 3921 706 4010 bonorum
732 3923 907 3995 decedere
931 3945 998 3994 nos
1031 3929 1234 4020 contingat,
1266 3925 1506 4017 indempnem·
1530 3924 1575 4009 de
1606 3948 1691 4017 prc-

320 4013 424 4122 dietia
458 4025 625 4114 expensis
657 4046 925 4098 conseruemus.
964 4028 1131 4098 colurnus
1166 4037 1205 4116 ct
1237 4026 1345 4098 ctiam
1378 4033 1686 4119 protestantem
