3870 4718
374 281 434 392 ts
573 357 575 364 ι
739 273 1035 418 ‘Diploman
1053 301 1335 420 imperatores

376 537 499 628 guina
518 555 583 611 suo
617 533 771 625 scripsit.
800 535 858 610 ita
875 531 992 627 regio
988 537 1117 608 decet
1132 536 1304 606 custodiri
1327 532 1464 608 seuere.
1490 545 1531 604 nt
1556 558 1740 632 nunquam

375 637 413 708 in
440 658 483 708 eo
509 635 701 728 quicquam
727 645 909 740 appareat
936 637 1032 728 quod
1057 635 1153 706 illius
1177 638 1294 727 gratie
1319 636 1485 706 uideatur
1501 637 1741 710 obtenebrare

367 737 653 826 decoremque
679 757 701 802 a
725 744 834 812 tanto
850 725 1014 824 procedit
1040 746 1200 810 auctore.
1228 748 1268 806 vt
1285 757 1371 830 ergo
1388 749 1470 826 post
1487 737 1621 807 terreni
1636 733 1741 830 regni

377 835 531 925 fastigia.
559 833 721 904 securius
747 845 938 932 expectere
964 852 1154 923 possumus
1181 835 1324 925 abipso
1345 836 1522 906 felicitatis
1542 847 1665 908 eterne
1686 860 1743 908 co·

261 976 264 982 -
378 957 518 1004 ronam.
544 955 626 1002 eum
650 944 773 1002 nostre
800 917 1005 1002 deubtionis
1030 934 1230 1004 ministerio
1255 935 1494 1026 permanserit
1513 935 1556 1004 in
1589 959 1653 1008 sue
1688 939 1741 1007 in·

378 1033 555 1124 tegritatis
581 1034 699 1135 gloria
723 1055 854 1123 sponsa
880 1031 1026 1102 Christi.
1056 1043 1157 1125 grata
1184 1037 1239 1103 sui
1265 1044 1376 1103 status
1402 1035 1511 1115 debet
1536 1024 1703 1105 anobis
1693 1060 1744 1104 rn-

379 1143 560 1204 crementa
585 1133 774 1224 percipere
800 1133 929 1246 potius
955 1149 1064 1226 quam
1090 1135 1213 1233 ipsius.
1239 1135 1340 1224 quasi
1366 1136 1434 1204 sub
1452 1134 1572 1224 specie
1589 1133 1742 1227 quedem

376 1231 560 1302 seruitutis
587 1233 767 1321 probrose
791 1231 950 1302 sinamus
975 1232 1185 1302 indumenta
1210 1230 1376 1322 discerpi.
1412 1233 1568 1324 Ideoque
1581 1245 1743 1304 ueterem

379 1331 477 1401 illam
505 1327 800 1400 consuetudinem
826 1330 1052 1408 detestantes.
1080 1355 1187 1424 quam
1213 1343 1458 1401 antecessores
1484 1335 1599 1402 nostri
1616 1336 1745 1404 Roma·

369 1453 508 1501 norum
535 1432 783 1522 imperatores.
810 1440 847 1499 et
871 1453 988 1520 reges.
1014 1432 1051 1498 in
1070 1433 1291 1501 cathedrales
1308 1443 1548 1501 exercuerunt
1563 1436 1743 1504 ecclesias.

380 1542 417 1600 et
442 1531 603 1602 abbatias
629 1552 698 1621 que
723 1553 833 1598 manu
858 1532 958 1620 regia
983 1531 1229 1621 porriguntur.
1256 1531 1354 1623 quod
1379 1531 1547 1602 uidelicet
1572 1532 1746 1602 deceden-

379 1631 478 1699 tibus
505 1629 684 1718 episcopis
710 1637 746 1710 et
767 1630 913 1719 prelatis
940 1651 1064 1700 earum
1091 1653 1167 1708 non¹
1188 1641 1261 1700 tam
1286 1628 1457 1724 reliquias
1483 1654 1605 1702 rerum
1631 1634 1745 1702 mobi·
1779 1664 1782 1673 =

330 1806 334 1812 ,
378 1731 468 1798 lium
500 1728 699 1808 eorundem
733 1739 995 1803 consueuerant
1029 1750 1217 1818 occupare,
1252 1753 1293 1798 ac
1327 1740 1540 1800 conuertere
1574 1733 1611 1798 in
1658 1749 1745 1801 usus

381 1829 551 1924 proprios
577 1838 779 1918 occupatas.
805 1851 913 1923 quam
939 1830 1045 1908 etiam
1072 1831 1234 1898 redditus
1260 1840 1295 1899 et
1322 1839 1519 1919 prouentus
1545 1852 1611 1920 per
1636 1831 1746 1900 totius

380 1926 490 2020 primi
516 1929 599 1996 anni
627 1928 814 2014 circulum.
842 1929 893 1996 ita
918 1949 1068 2018 prorsus
1094 1930 1246 1998 auferre.
1272 1938 1312 1996 ut
1338 1951 1405 1997 nec
1424 1929 1744 2019 soluipoesentde·

377 2029 454 2097 bita
478 2023 693 2097 decedentis.
717 2049 785 2096 nec
803 2026 1008 2098 succedenti
1025 2031 1164 2118 prelato
1185 2029 1388 2098 necessaria
1403 2027 1609 2096 ministrari.
1625 2031 1742 2098 eidem

261 2189 270 2202 .
381 2128 634 2197 consuetudini
661 2127 737 2196 siue
762 2129 844 2197 iuri.
870 2130 931 2198 nel
956 2149 1186 2220 quocumque
1211 2127 1392 2204 uocabulo
1427 2125 1660 2217 exprimatur.
1694 2151 1747 2197 re·

381 2228 631 2296 nunciauimus
661 2230 816 2317 penitus.
853 2228 900 2296 ob
934 2230 1176 2298 reuerentiam
1206 2227 1381 2297 crncifixi.
1414 2227 1514 2293 cuius
1547 2227 1583 2293 in
1618 2238 1743 2297 nostro
1799 2275 1804 2283 -

380 2347 534 2417 corpore
566 2328 809 2397 baiulamus
798 2327 963 2424 insignia.
996 2328 1083 2396 illud
1117 2329 1250 2397 eisdem
1279 2321 1437 2395 ecclesiis
1463 2337 1639 2417 perpetuo
1666 2329 1746 2396 iure

379 2425 562 2496 donantes.
592 2438 626 2496 et
652 2427 865 2496 auctoritate
889 2430 991 2542 regia
1016 2437 1223 2499 statuentes.
1249 2437 1288 2494 ut
1313 2420 1547 2528 ecclesiarum
1582 2427 1742 2495 omniurn

377 2525 545 2595 libertate
572 2527 716 2615 integra
740 2547 884 2617 semper
908 2527 946 2594 in
970 2521 1136 2595 omnibus
1163 2534 1405 2617 permanente.
1435 2543 1492 2590 res
1519 2535 1554 2592 et
1580 2525 1741 2595 redditus

373 2625 623 2694 huiusmodiss
614 2650 651 2693 ιιι
677 2625 848 2698 solvenda
872 2621 992 2694 debita
1018 2625 1268 2696 decedentium
1294 2624 1527 2714 prelatorum.
1547 2625 1636 2692 etin
1653 2627 1741 2696 alios

382 2727 613 2800 ecclesiarum
638 2745 724 2799 usus
753 2747 820 2815 per
844 2747 971 2794 manus
997 2727 1158 2818 legitime
1184 2723 1453 2795 succedentium
1471 2706 1748 2794 libereconuer-

343 2837 346 2842 ’
379 2835 511 2894 tantur.
563 2821 802 2896 Obsecramus
827 2826 939 2918 igitur
965 2827 1108 2896 easdem
1135 2825 1303 2894 ecclesias
1329 2823 1417 2891 etin
1433 2818 1567 2892 uirtute
1582 2824 1745 2905 altissimi

383 2931 632 2994 contestamur.
661 2936 835 3018 quatenus
862 2925 910 2994 ob
934 2927 1027 2994 hano
1053 2925 1297 2996 munificentie
1323 2932 1445 2990 nostre
1471 2925 1633 3011 gretiam.
1661 2945 1748 2995 nos-

382 3029 477 3094 traitr‘
508 3036 615 3113 aput
613 3023 812 3092 'dominum
846 3026 1033 3115 supplere
1050 3023 1244 3113 dignentur
1268 3022 1336 3111 piis
1362 3019 1624 3086 orationibus
1613 3041 1749 3137 smper·

371 3125 528 3193 cecam.
556 3134 593 3189 et
616 3134 704 3213 post
724 3123 917 3194 terminum
932 3121 1017 3192 uite
1042 3131 1164 3190 nostre
1189 3119 1308 3188 obitus
1333 3118 1451 3184 nostri
1472 3115 1569 3186 diem
1586 3122 1751 3192 anniuer-

384 3225 519 3294 sarium
544 3221 581 3288 in
607 3231 782 3314 perpetue
807 3219 1127 3293 commendationis
1152 3212 1327 3286 memoria
1350 3216 1518 3286 retinere.
1569 3219 1617 3288 Vt
1630 3232 1750 3292 nutem
1859 3233 1865 3240 '

308 3405 316 3412 .
383 3326 451 3391 hec
478 3321 610 3390 omnia
638 3323 730 3392 sicut
755 3346 776 3392 a
800 3334 924 3392 nostre
948 3321 1047 3388 bone
1074 3313 1269 3388 uoluntatis
1294 3317 1509 3384 liberalitate
1537 3321 1747 3406 procedunt.

325 3413 330 3432 ‘'
385 3422 573 3518 perpetuis
597 3423 823 3514 temporibus
849 3428 1016 3492 maneant
1040 3417 1261 3492 inconuulsa.
1285 3437 1435 3506 presens
1460 3414 1542 3484 inde
1563 3418 1752 3511 priuilegi·

302 3579 303 3593 .
385 3544 446 3590 um
472 3522 665 3593 conscribi
677 3525 916 3613 precepimus.
943 3526 978 3586 et
1002 3524 1128 3583 nostre
1154 3515 1331 3604 ymaginis
1350 3514 1586 3602 impressione
1605 3521 1749 3588 muniri.
1867 3515 1878 3529 ‘

385 3630 589 3691 statuentes.
614 3631 654 3690 ut
679 3620 855 3735 quisquis
870 3625 995 3686 contra
1019 3617 1086 3681 hec
1112 3612 1250 3706 aliquid
1275 3623 1488 3703 attemptare
1525 3637 1750 3710 presumpse-

372 3721 443 3790 rit
460 3731 620 3790 eentum
630 3722 752 3792 libras
778 3719 856 3787 a'uri
880 3715 949 3805 pro
964 3732 1062 3801 pena
1082 3721 1287 3802 componat.
1305 3731 1456 3827 quarum
1473 3715 1646 3787 medietas
1662 3719 1749 3788 tiseo

372 3819 498 3898 ,cedat
531 3831 568 3890 et
600 3843 685 3914 pars
704 3821 831 3898 altera
854 3814 927 3883 illis
953 3809 1085 3901 quibus
1110 3809 1254 3881 luerit
1243 3809 1374 3884 rniuria
1400 3813 1570 3904 irrogata
1626 3819 1749 3888 Testes

372 3922 438 3992 ‚liii
462 3930 555 3993 sunt.
598 3921 777 3999 Albertus
802 3908 1115 3999 Meideburge'nsia
1147 3911 1455 4028 ardriepiscopus.
1510 3913 1596 3984 Otto
1628 3909 1750 3987 frisin-

372 4021 518 4112 gensis
531 4021 735 4114 episcopus.
762 4007 1000 4088 chuonradus
1023 4007 1294 4100 Ratisponensis
1320 4013 1523 4106 episcopus.
1550 4013 1635 4086 Otto
1660 4010 1764 4088 Her·
1828 4046 1832 4056 ¹
