3804 4718
558 253 918 396 Autltetiticc.
1287 309 1291 316 ’
1333 413 1344 430 .
1401 319 1483 410 m

108 545 288 628 nimesrtu,
315 565 386 646 que
411 542 603 635 lurgiticue
630 543 931 636 predecessorum
956 556 1164 618 nostrorum
1188 541 1350 618 felicium
1376 571 1487 644 ungu·

108 661 249 720 storum
274 639 521 715 Romuncruru
545 646 808 734 impet-storum
838 667 902 713 seu
928 645 1082 738 Regum.
1117 647 1187 714 uel
1207 647 1364 717 eliorum
1398 673 1487 743 quo·

110 767 349 837 mmcumque
375 743 559 812 oblstione
585 743 743 813 fidelium
771 743 886 812 eidem
904 745 1127 816 Monesterio
1148 744 1403 820 slundutionis
1419 771 1485 822 sue

109 847 311 942 primordio
338 853 422 913 sunt
446 842 587 912 colluto.
616 853 725 934 prout
750 865 792 912 es
814 843 935 912 omnic
951 844 1046 913 idem
1064 847 1322 916 Monesterium
1338 861 1485 922 extunc

108 969 227 1040 usque
251 946 297 1014 nd
323 947 390 1012 hec
416 952 540 1018 nostru
564 943 687 1013 felicis
712 954 877 1034 tempore
902 945 996 1014 iuste
1030 943 1256 1034 dignoscitur
1287 949 1486 1038 possidere,

108 1049 179 1141 ipsi
202 1044 425 1116 Monssterio
451 1041 683 1112 concedimus
708 1051 745 1113 et
769 1053 948 1134 perpetuo
974 1043 1238 1116 confirmemus.
1280 1046 1485 1122 statuentes

110 1160 147 1219 et
172 1143 352 1238 presentis
377 1141 563 1236 priuilegii
588 1141 803 1218 auctoritate
823 1141 974 1214 tirmiter
990 1142 1227 1234 iniungentes.
1243 1152 1283 1214 ut
1298 1147 1395 1216 nulls
1410 1169 1487 1220 ont·

109 1249 198 1318 nino
223 1264 378 1336 persone
404 1260 519 1334 perus
543 1243 603 1312 uel
628 1241 794 1329 humilis,
832 1241 1084 1312 Ecclesisstics
1110 1245 1171 1312 uel
1196 1242 1485 1318 semiermium

111 1347 246 1417 dietum
271 1341 533 1414 Monesterium
558 1341 605 1410 de
630 1339 803 1432 predictis
828 1341 997 1411 omnibus
1024 1351 1152 1410 contre
1170 1343 1279 1414 huius
1294 1349 1487 1436 protectio·

110 1449 180 1516 uis.
206 1441 468 1528 concessionis,
496 1451 532 1512 et
557 1439 841 1510 confirmetionis
866 1449 990 1510 nostre
1014 1449 1198 1530 tenorem,
1225 1443 1402 1536 impedire
1422 1468 1486 1518 seu

109 1547 305 1618 molestare
338 1551 535 1632 presumst.
594 1540 700 1636 Quod
735 1540 798 1633 qui
834 1539 1097 1632 presumpserit
1121 1541 1160 1610 iu
1184 1564 1249 1612 sue
1275 1546 1486 1619 temeritatis

109 1645 307 1716 uindictam
333 1639 617 1730 indigestionem
644 1649 804 1710 ιιοιιιιιιι
830 1650 867 1709 et
891 1659 1021 1730 penem
1038 1640 1487 1734 quinquagintstibrerum

110 1744 191 1817 euri
228 1763 267 1814 se
298 1739 445 1810 nouerit
475 1738 717 1809 incursurum.
743 1737 970 1808 medietstem
996 1759 1139 1810 numere
1173 1753 1296 1813 nostre
1331 1754 1368 1815 ct
1401 1747 1489 1818 slte-

111 1865 191 1915 reru
216 1840 447 1913 medietatem
467 1838 580 1942 pessis
602 1837 770 1908 iniurium
788 1837 1079 1945 persolueudum.
1123 1839 1170 1910 Vt
1190 1851 1311 1914 nutem
1329 1845 1396 1915 hcc
1413 1867 1488 1920 orn·

112 1945 172 2014 niu
205 1951 285 2012 rete
316 1959 462 2030 semper
494 1947 531 2008 et
564 1937 778 2008 inconuulsa
805 1937 1056 2057 peruincunt.
1082 1959 1233 2030 presens
1256 1941 1488 2044 priuilegium

112 2042 192 2114 fieri
216 2053 254 2112 et
280 2039 409 2131 Sigillo
435 2038 629 2107 msiestetis
654 2046 779 2107 nostre
802 2037 974 2108 iuesimus
999 2039 1225 2109 communiri.
1278 2043 1393 2114 Huius
1426 2070 1489 2118 nu·

112 2155 187 2214 tem
212 2141 269 2211 rei
292 2149 403 2209 testes
428 2147 520 2206 suut
571 2139 743 2206 Albcrtus
767 2135 1093 2229 Mugdeburpeusis
1111 2137 1485 2234 erchiepiscopusw

112 2241 306 2334 episcopus
322 2237 493 2309 Curensis
519 2245 555 2307 et
580 2237 690 2306 nbbes
716 2233 829 2306 suncti
848 2235 953 2306 Gelli
995 2242 1034 2306 Α.
1059 2233 1134 2306 dux
1147 2233 1317 2310 fluente.
1350 2243 1395 2312 tt.
1414 2244 1487 2315 dur

113 2340 264 2434 Spoleti.
303 2336 497 2409 Comesc.
525 2334 571 2407 de
595 2336 830 2407 werselbure.
868 2337 1002 2410 Comes
1025 2334 1067 2408 G.
1081 2335 1127 2408 de
1145 2339 1383 2434 queureberc.
1424 2345 1492 2415 Co·

113 2461 193 2513 rues
218 2441 252 2510 8.
278 2435 324 2510 ds
350 2438 480 2512 tienne
501 2444 542 2508 et
566 2435 629 2506 clii
654 2457 764 2532 quem
788 2436 924 2532 plures.

116 2592 294 2708 Signum
319 2587 482 2678 domini
509 2579 718 2678 Fritlerici
748 2587 923 2680 secundi
954 2587 1022 2677 dei
1052 2589 1184 2706 gratie
1221 2539 1487 2684 inclutissimi

114 2709 412 2858 Romanorum
439 2705 504 2794 lm
537 2707 714 2794 cratoris
744 2735 915 2823 semper
942 2707 1137 2820 Augusti.
1166 2703 1486 2824 (Monogram-
1609 2795 1613 2802 ,

409 2737 787 2940 m.llemsdcm
815 2842 859 2910 et
888 2821 1029 2908 Sicilie
1058 2823 1201 2938 Regis.

214 3002 305 3070 Actu
327 3007 411 3070 ιιιιιι
434 2999 503 3069 hec
528 3019 623 3069 snno
656 2995 835 3069 dominice
859 2994 1133 3066 incorrutionis.
1176 2993 1381 3068 Millesiruo.
1414 2997 1488 3070 Du·

115 3100 327 3172 centesimo.
352 3097 545 3189 vicessimo
570 3105 683 3169 sexto.
723 3099 849 3168 Mense
873 3093 1006 3188 Aprilis
1031 3092 1302 3188 quertedecime
1322 3095 1490 3171 indictio·

113 3200 183 3272 nis.
233 3192 438 3291 lmperente
461 3195 611 3268 domino
633 3205 762 3268 ιιοιιιο
786 3195 973 3268 Friderico
1008 3194 1168 3267 secundo
1200 3193 1259 3266 dei
1293 3198 1412 3290 gretie
1436 3201 1492 3268 ln·

111 3298 316 3370 uictissimo
338 3299 586 3368 Romanorum
610 3297 832 3390 imperatore
864 3317 1010 3387 semper
1033 3297 1197 3388 Augusto
1220 3295 1423 3370 sementem
1452 3310 1489 3369 et

112 3397 236 3472 Sicilie
261 3399 375 3489 Rege.
426 3399 532 3466 Anno
556 3395 696 3467 romoni
721 3392 870 3490 imperii
894 3395 974 3466 eius
997 3403 1113 3465 sexto.
1150 3396 1269 3492 Regni
1287 3397 1488 3472 Jerusalem

111 3498 245 3614 primo.
271 3506 309 3567 et
331 3496 450 3590 Regni
467 3495 598 3566 Sicilie
623 3497 795 3568 vicesimo
820 3503 969 3580 octeno,
994 3493 1151 3565 feliciter
1174 3515 1293 3566 emen.

220 3627 354 3696 Detutu
394 3634 482 3720 nput
513 3621 745 3726 Ruuennsm,
778 3623 903 3712 Auno,
937 3619 1064 3692 Mente
1102 3629 1140 3694 et
1170 3615 1370 3696 indictione
1405 3642 1487 3717 prs·

114 3724 274 3818 seriptis.

178 3932 214 4009 c)
239 3925 311 4015 sign
299 3923 350 3989 illi
374 3919 468 3988 fructi
492 3933 639 4008 superest
661 3918 879 4011 fragmentum
912 3919 1035 4001 meins,
1067 3919 1244 4012 imaginem
1275 3917 1488 4006 imperatoris,

240 4037 371 4110 excepto
397 4025 522 4108 cupite,
557 4023 725 4088 dimidium
749 4021 848 4088 ιιιιιιι
861 4019 1106 4127 inscriptionem
1137 4021 1371 4105 incipientem,
1396 4019 1487 4088 exst·

167 4139 745 4198 numennumen-cmm
745 4139 833 4190 ..ιιι
1228 4125 1273 4196 ts
