3746 4720
337 220 425 311 358
579 261 613 308 -,
678 219 688 226 ’
731 208 978 328 Diplomets
1007 209 1322 327 Imperatorum
1407 171 1419 182 ⁵

335 451 499 523 misimus
527 455 780 540 quotcunque,
816 444 946 518 ludens
972 443 1118 514 eosdem
1154 445 1350 532 ceruipium
1384 445 1571 518 ¹cxlsilrers:
1583 423 1717 522 nostr'c

338 550 497 624 cumini
521 547 752 618 decreuerint
782 547 920 616 crimus
953 555 991 613 et
1023 545 1195 628 debemus
1231 546 1517 630 contradictione
1557 541 1721 646 quolibet

338 663 478 725 semote
504 649 664 718 contenti
692 658 728 716 et
751 645 935 738 emplius
925 665 1023 735 ipsos
1043 645 1089 714 nd
1108 655 1250 738 tempus
1269 647 1500 738 sepedictum
1511 645 1557 716 nd
1582 649 1721 728 melers

337 753 492 824 seruicia
517 751 736 848 compellere
761 769 835 815 non
870 749 1042 815 velemus.
1101 747 1139 814 si
1172 769 1262 816 vous
1296 755 1416 817 sutem
1449 749 1596 817 illorum
1633 771 1722 842 que·

336 866 421 924 tuor
445 851 615 922 virorum
634 869 852 952 quocunque
878 869 963 915 cusu
986 848 1190 937 postulante
1212 847 1388 935 deluerit,
1416 847 1477 938 elij
1501 859 1579 918 tret'
1585 845 1722 939 'super-

229 989 232 996 ·
339 964 474 1026 etentes
501 953 654 1020 alterum
680 933 750 1018 sibi
781 967 851 1042 pro·
872 943 1083 1016 arbitrio
1072 968 1234 1038 ipsorum
1268 947 1344 1017 sine
1384 948 1471 1018 dolo
1506 943 1600 1018 nuto
1632 951 1721 1020 cul·

248 1059 251 1064 ’
336 1057 487 1125 stituent
530 1052 604 1120 Nos
630 1050 739 1128 etiem
773 1070 897 1119 omnes
931 1048 1095 1128 Judeos
1127 1048 1183 1117 ln
1199 1051 1361 1139 Augusto
1387 1043 1721 1134 residentesr'rrt.il,·

336 1157 395 1224 luc
420 1153 606 1225 venientes
632 1151 676 1220 ud
702 1159 934 1240 prenotatam
958 1149 1119 1238 specium
1146 1147 1190 1215 sd
1216 1151 1392 1220 maiorem
1424 1150 1513 1240 ipsis
1545 1151 1721 1221 securita-

254 1295 261 1301 -
321 1267 413 1334 tem
437 1253 605 1322 tuicionis
632 1262 667 1320 et
691 1249 913 1338 defensionis
939 1260 1063 1317 nostre
1099 1244 1342 1338 celsitudinis,
1382 1249 1570 1320 Advocnto.
1581 1261 1719 1327 ¹nostru
1787 1275 1790 1281 ·

335 1355 512 1445 Magistro
541 1351 683 1422 Cinium
712 1333 929 1422 Consulibus
953 1360 989 1418 et
1024 1347 1280 1438 Communitsti
1315 1349 1425 1418 totius
1454 1350 1618 1418 Ciuitatis
1645 1349 1717 1417 Au·

336 1466 441 1550 gusto
469 1450 715 1523 conmisimns.
755 1447 986 1540 Rogemus
976 1469 1075 1540 ipsos
1103 1457 1138 1516 et
1163 1444 1231 1516 sub
1264 1461 1415 1538 optentu
1451 1454 1567 1540 gretie
1593 1460 1716 1518 nostre

336 1554 490 1622 firmiter
515 1553 737 1666 precipimus
763 1551 914 1618 Judeos
927 1558 1052 1617 contre
1061 1549 1259 1639 quoslibet
1285 1549 1471 1618 violentias
1496 1560 1531 1617 ct
1553 1549 1717 1639 ipsorum

335 1656 523 1722 inuusores
550 1661 587 1718 et
612 1649 846 1718 iniurietorcs
872 1671 913 1717 sc
938 1651 968 1715 si
996 1627 1126 1742 uliquis
1157 1669 1219 1716 eos
1249 1658 1375 1718 contro
1411 1647 1626 1737 promissum
1654 1669 1716 1717 no·

272 1751 280 1768 '
337 1765 452 1822 strum
479 1774 525 1821 ex
559 1760 695 1840 perte
686 1747 821 1818 'nostru
854 1770 1057 1838 nggrsusre
1091 1741 1370 1838 presumpserit,
1404 1745 1561 1817 fideliter
1580 1769 1632 1817 nc
1658 1750 1717 1817 ds·
1755 1831 1761 1838 ,
1869 1811 1870 1834 ,

336 1864 421 1922 uotc
445 1851 513 1921 sub
540 1860 667 1918 nostro
692 1850 837 1965 nomine
865 1849 1049 1918 debebunt
1077 1843 1275 1916 defensore.
1319 1847 1614 2050 Significsmus
1600 1849 1716 1940 igilur

297 2259 303 2266 ’
338 2273 486 2344 presens
526 2252 611 2319 iude
648 2251 853 2320 confectum
887 2247 1030 2318 deuotis
1064 2249 1199 2316 nostris
1239 2249 1388 2318 Ciuibus
1423 2149 1712 2342 dugustensibus

323 2354 465 2444 -Sigillo
490 2352 608 2420 nostri
634 2351 799 2420 culminis
825 2361 862 2418 ct
887 2349 1103 2417 dilectorum
1129 2347 1291 2432 fidelium
1318 2359 1525 2420 nostrorum
1551 2349 1712 2420 Heinrici

338 2452 534 2521 Gnmsrnrii
562 2451 607 2518 de
630 2451 909 2540 Revenspurclr‚
944 2449 1152 2518 Volchmsri
1180 2448 1225 2517 de
1258 2451 1480 2518 Ghoemnntu
1513 2449 1709 2540 Hermennj

337 2552 383 2621 de
409 2541 672 2641 Huegniberch
706 2560 742 2618 et
775 2548 932 2618 Heinrici
968 2547 1012 2616 de
1044 2547 1236 2634 leolsried,
1273 2549 1316 2617 de
1349 2570 1505 2642 quorum
1528 2549 1709 2652 prudenti

337 2652 497 2721 Consilio
522 2649 642 2719 omniu
649 2661 860 2768 prenotato
884 2644 1041 2717 fideliter
1068 2669 1150 2716 cum
1185 2647 1379 2719 deuotione
1411 2662 1496 2721 sunt
1533 2653 1708 2752 ordinale,

337 2751 501 2822 dedimus
527 2762 562 2822 et
589 2739 754 2821 fecimus·
775 2744 980 2823 conmuniri
1013 2753 1139 2820 Actum
1172 2758 1212 2816 et
1245 2745 1376 2818 [letum
1410 2743 1581 2841 Auguste
1605 2756 1707 2820 Anno

337 2852 484 2924 domini.
521 2855 586 2923 Μο.
621 2853 708 2923 600.
735 2853 853 2943 vaj0.
888 2847 1010 2921 Pridie
1043 2847 1222 2919 fluentas
1248 2849 1464 2922 decembris.

395 3134 431 3211 c)
461 3125 576 3214 sigilla
602 3125 722 3207 qninqs
747 3126 784 3186 in
809 3121 876 3187 fios
900 3122 1111 3188 instrumenti
1137 3093 1331 3232 memorate,
1365 3124 1478 3192 ordine
1491 3139 1612 3204 temen
1640 3147 1705 3190 non

459 3246 590 3308 prorsus
618 3224 751 3299 eodem,
776 3223 959 3304 appendent
984 3241 1029 3284 ex·
1049 3220 1114 3285 filis
1141 3193 1270 3288 sericis
1278 3224 1360 3288 varii
1381 3227 1507 3292 coloris·
1563 3253 1592 3278 w

533 3337 700 3426 Primum,
726 3351 832 3437 regis,
866 3349 1030 3438 integrum
1057 3359 1089 3413 sl
1113 3343 1197 3414 fere
1206 3347 1375 3430 illaesum,
1409 3349 1465 3417 fila·
1501 3354 1571 3417 eins
1595 3345 1703 3473 idcicro,

457 3459 619 3532 purpurea
644 3463 676 3514 cl
701 3451 827 3515 viridia.
1665 3469 1669 3476 ⁴

534 3577 773 3655 Secundum(
762 3600 797 3643 ιιι
824 3597 879 3640 orn
904 3577 1014 3641 dextre
1039 3579 1196 3644 nonnihil
1219 3579 1363 3658 laesum,
1392 3592 1439 3644 cet
1460 3543 1647 3678 Volclrm‘eri
1665 3581 1702 3645 dc

458 3675 668 3796 clitemneten.

391 3881 394 3888 Ι
530 3805 702 3968 ‘q'ertium
709 3805 889 3900 (llsinrici¹
901 3807 1083 3892 ccmcrrr)ii
1115 3809 1155 3872 de
1166 3807 1433 3911 Roripsbrrrch,
1460 3809 1513 3918 'in
1536 3831 1592 3905 oro
1622 3813 1702 3882 cini

454 3917 518 3980 stre
555 3926 675 4002 cesum.
775 3965 779 3970 .
894 3918 902 3928 '
1538 3941 1541 3952 ·
