3746 4720
694 311 970 406 buthenticsl·
1120 407 1131 420 ,
1264 393 1268 399 ,
1426 325 1516 438 339

147 579 214 651 qne
238 552 467 632 denuncio
495 551 609 650 ipsius
635 550 791 626 ciuitatis
818 545 1058 646 preludicimn
1074 543 1264 626 institutas.
1313 553 1432 628 Nicbil
1447 559 1513 630 eti·

8 663 9 666 ’
147 659 350 728 antatium
378 657 425 727 ab
451 658 503 728 cir
530 679 596 750 per
620 677 688 728 nos
714 655 814 749 ipsos
839 654 1065 752 aliquatenus
1092 656 1266 731 exacturi.
1305 656 1511 734 statuentes

146 761 249 829 etiem
275 759 428 852 pedagia
453 767 576 828 nostra
602 757 724 828 debita
748 769 784 828 ct
810 769 995 829 conswetn
1020 768 1118 828 trans
1143 759 1276 830 tlumcn
1302 760 1363 829 lici
1398 759 1512 856 recipi

144 861 233 932 sient
265 872 361 930 ante.
422 859 670 930 promittimus
702 859 853 952 insuper
876 858 976 952 quod
1001 859 1189 928 occasione
1215 859 1378 932 Ciuitatis
1405 886 1513 958 quarn

145 960 381 1054 aput·(spnd)
408 958 592 1032 fritlberch
618 960 760 1050 erigere
794 959 1038 1051 disposuimus
1070 967 1198 1029 stratas
1230 962 1412 1053 publices,
1450 976 1514 1035 eut

6 1095 10 1102 ·
144 1072 267 1154 pontes
293 1061 522 1130 interlitum
547 1070 584 1130 ct
609 1059 802 1130 Ciuitatem
828 1065 1111 1152 Augusteum,
1141 1061 1285 1132 aliunde
1317 1085 1390 1132 non
1423 1063 1513 1134 obli·

9 1151 15 1162 ’
143 1161 330 1256 qnabimcs
356 1183 465 1254 quam
491 1164 662 1232 baetenus
686 1159 734 1232 sit
759 1171 983 1232 consuetum
1009 1160 1084 1230 Nec
1110 1161 1219 1230 etiarn
1245 1163 1352 1233 Ciues
1389 1184 1513 1255 supra·

143 1262 231 1332 dicte
258 1262 423 1330 Ciuitatis
450 1261 677 1354 augustensis
703 1261 897 1331 ciuitatem
922 1260 1124 1332 Fridbercb
1149 1261 1350 1334 inhabitare
1367 1265 1426 1332 ucl
1448 1263 1514 1334 ibi·

141 1361 274 1434 demsi
302 1361 487 1453 noluerint
513 1383 651 1433 merces
677 1383 760 1432 suas
786 1360 969 1454 deponere
995 1363 1054 1432 uel
1080 1365 1175 1432 ultra
1200 1372 1385 1433 consueta
1406 1363 1512 1456 pcdn'·

141 1463 198 1552 gin
221 1465 434 1554 percoluere
461 1461 556 1532 inira
581 1459 717 1532 dictum
741 1460 850 1530 trium
878 1484 1055 1532 annorum
1081 1464 1236 1556 spatium
1253 1465 1511 1555 compellemus

140 1565 224 1632 ltem
251 1564 575 1656 quotienscumque
603 1562 794 1632 ciuitatem
828 1573 1019 1654 augustam
1044 1583 1111 1634 nos
1137 1565 1272 1634 intrare
1306 1562 1514 1656 contigerit,

140 1665 253 1734 nullos
279 1663 468 1732 nobiscum
495 1661 704 1732 manifestos
729 1663 926 1733 offensores
949 1662 1110 1732 eiusdem
1129 1661 1295 1734 Ciuitatis
1314 1674 1438 1757 preter
1453 1687 1513 1736 ro·

142 1763 351 1832 luntntem
341 1785 519 1856 rpsorum·
517 1762 670 1834 ¹Cinium
696 1761 904 1834 inseremus.
956 1763 1045 1831 ltem
1073 1761 1226 1858 quod
1196 1786 1225 1834 nr
1253 1765 1296 1833 dc
1317 1765 1513 1836 sduooncia

141 1863 247 1956 ipsius
279 1863 444 1933 Ciuitatis
468 1848 612 1934 iudicio
639 1860 865 1955 principum,
900 1881 991 1954 quos
1024 1862 1070 1932 ad
1096 1867 1165 1936 hoc
1189 1864 1289 1933 curin
1313 1865 1429 1935 edicta
1455 1887 1511 1937 so·

139 1963 332 2056 lempniter
357 1965 503 2034 euocari
530 1973 754 2034 conswetum
771 1971 843 2032 mest
871 1963 1416 2056 intromitterenoscentingat3
1435 1967 1510 2035 nul·

140 2064 209 2134 lurn
244 2063 366 2136 eidem
397 2064 594 2136 aduocncic
630 2063 707 2134 ricc
741 2073 863 2134 nostra
890 2061 1006 2133 donec
1033 2062 1077 2133 ad
1103 2063 1234 2133 festum
1258 2063 1355 2135 besti
1384 2063 1510 2156 Georij

141 2185 293 2260 sequens
322 2165 526 2258 proximum
553 2185 815 2258 proponemus,
842 2173 877 2233 ct
902 2163 1018 2234 eidem
1046 2164 1190 2234 Ciuitati
1213 2187 1259 2234 cx
1284 2173 1369 2236 tunc
1391 2167 1511 2236 omnin

139 2264 212 2336 iura
236 2288 302 2336 sev
322 2267 563 2336 immunitates
579 2267 648 2334 sibi
664 2290 685 2335 a
700 2265 832 2334 nostris
848 2264 1145 2356 progenitoribus
1161 2274 1407 2356 competentes
1426 2265 1510 2335 dato

138 2364 209 2434 sint
235 2389 350 2458 super
373 2369 443 2434 hoc
470 2367 664 2457 priuilegio
691 2375 815 2436 nostro
842 2365 1138 2436 conservabimus
1164 2362 1339 2453 illibatas,
1365 2364 1511 2460 depute-

21 2491 25 2496 ·
138 2467 204 2536 turi
231 2466 370 2535 eisdem
398 2463 649 2556 nichilominps
667 2465 980 2552 tresdcleosores,
1006 2463 1510 2540 duooinBswsrinetvnum
1657 2547 1663 2559 ,

137 2563 171 2633 in
196 2565 357 2635 Sweuia.
384 2566 446 2658 qui
473 2567 510 2634 in
537 2567 700 2636 absentia
725 2577 848 2635 nostra
872 2562 970 2635 vices
996 2577 1137 2636 nostres
1162 2567 1353 2660 subplesnt
1369 2568 1407 2636 in
1431 2591 1511 2660 prc-

138 2663 239 2735 dictis
262 2687 349 2734 cum
375 2665 419 2736 de
445 2669 515 2735 hoc
542 2665 678 2734 luerint
702 2665 879 2756 requisiti.
929 2665 1185 2736 Promittantcs
1202 2665 1351 2758 insuper
1368 2667 1509 2758 pensio·

139 2787 217 2834 nem
243 2775 488 2836 trecentarum
516 2765 691 2832 librarum
718 2764 986 2856 augustensium
1013 2785 1121 2856 quarn
1148 2765 1255 2833 nobis
1280 2766 1420 2833 ratione
1443 2769 1509 2834 bu·

140 2863 288 2935 inemodi
318 2865 558 2945 defensionis,
599 2864 751 2954 singulis
784 2864 887 2932 annis
921 2863 1030 2931 trium
1064 2863 1308 2956 predictorum
1342 2865 1436 2935 vltro
1470 2884 1510 2936 se

137 2967 380 3054 promiserunt
405 2975 442 3035 et
468 2975 667 3057 spontance
692 2966 897 3052 soluturos,
924 2985 1152 3058 quocumque
1180 2984 1265 3034 casu
1291 2971 1511 3056 emergente.

138 3065 254 3134 medio
283 3076 446 3158 tempore
466 3087 545 3134 non
573 3087 716 3155 augere.
768 3065 806 3132 ln
833 3065 935 3134 cuius
961 3064 1012 3134 rei
1040 3063 1283 3134 testimonium
1304 3073 1508 3156 presentem

139 3175 269 3234 cartam
296 3163 578 3256 appensionibus
605 3165 806 3256 sigillorum
833 3175 1040 3235 nostrorum
1074 3185 1214 3234 necnon
1247 3163 1508 3234 venerabilium

138 3275 279 3355 patrum
306 3263 442 3335 domini
469 3265 667 3338 Eberhardi
693 3264 979 3336 constantiensis
1006 3259 1166 3356 episcopi
1193 3271 1229 3334 et
1250 3263 1386 3333 domini
1398 3261 1509 3333 Berlr·

138 3365 223 3433 loidi
257 3365 399 3435 abbatis
434 3365 552 3436 Sancti
579 3365 685 3435 Galli.
720 3363 765 3433 de
801 3387 955 3457 quorum
991 3365 1143 3434 oonsilio
1169 3363 1330 3454 predicta
1357 3361 1509 3436 fecimus

138 3466 271 3554 placuit
298 3466 524 3555 communirj.
564 3467 678 3534 liuius
702 3466 755 3533 rei
773 3473 882 3534 testes
896 3475 977 3538 svnt
995 3467 1223 3533 Hermannus
1243 3463 1285 3533 de
1300 3461 1508 3534 Hvrnlreitn.

138 3564 337 3636 lladmarus
371 3567 415 3636 tle
440 3567 560 3636 Lebir.
618 3565 808 3635 Helorinus
840 3565 886 3638 de
917 3564 1169 3656 Rauinspurch
1203 3565 1440 3634 Volchmnrus
1472 3573 1512 3634 et
1584 3569 1589 3576 ’

137 3663 377 3758 Mnrquartlus
403 3667 448 3736 tle
474 3666 671 3736 Caminata.
734 3667 960 3735 Hermannus
993 3663 1038 3737 dc
1065 3663 1336 3762 Haegnibercb,
1374 3661 1508 3736 ulricus

135 3763 354 3836 Maracalcus
380 3766 425 3836 de
445 3767 681 3858 Schiltpercb
730 3765 910 3834 Arnoldus
935 3765 1262 3851 dclllassinhuscn‚
1289 3760 1509 3832 Winhsrdus

57 3937 59 3942 ,
137 3861 180 3932 de
205 3867 397 3954 Rorbscb,
433 3867 677 3936 Wiclmandus
708 3865 956 3936 vicedominus
982 3866 1173 3934 Heinricns
1206 3863 1250 3933 (le
1276 3863 1509 3948 Ysoltsriccle‚

136 3965 270 4036 ulricus
296 3969 340 4036 tle
367 3965 603 4038 Swincrdori.
653 3967 840 4056 Stumpho.
871 3966 1112 4050 Ebirbardus,
1144 3963 1360 4048 heriwicus,
1393 3963 1509 4030 alber-

136 4069 212 4152 tus,
238 4075 277 4142 ct
302 4068 508 4140 Fridericus
534 4067 677 4138 notarii.
703 4067 826 4136 etalii
853 4087 960 4160 mam
986 4068 1298 4158 plumarimum
1324 4073 1361 4133 et
1376 4064 1508 4130 Datum

1222 4161 1299 4242 Ιώ*
