3804 4718
367 257 466 400 Ι188
522 370 524 376 ,
772 287 1359 410 Diplometsilmperetorum

382 536 477 630 siqui
508 539 659 626 paterne
693 527 831 602 herceis
852 554 939 600 ‚non
971 541 1154 622 sequaces.
1189 529 1374 598 letentem.
1395 530 1542 620 petrum
1567 532 1753 622 perfidiam

384 636 590 711 reueleriu't.
613 639 1008 724 quecumque-'reetus
1041 631 1188 698 illorum
1223 629 1537 717 animaduersione
1563 635 1753 722 plectatur.
1885 705 1887 732 .

384 739 547 831 predicte
579 734 794 826 priu'stione
817 753 889 800 non
924 731 1108 798 subiacent
1133 731 1373 798 innocentiam
1401 726 1638 815 (innocentis)
1665 734 1756 804 filio·
1840 710 1849 734 '

384 863 477 910 rum.
529 837 582 905 Ad
608 839 674 902 hec
700 843 831 902 notum·
851 831 929 900 lieri
957 832 1123 898 uolumus
1159 831 1336 898 uniuersis
1361 829 1524 898 Priorem
1557 843 1592 901 et
1625 829 1757 904 iratres

386 939 524 1008 ordinis
551 935 817 1026 predicatorum
844 931 888 1002 de
914 931 1125 998 Wircebure
1152 951 1219 1018 pro
1246 929 1327 1018 lidej
1354 931 1502 1019 negotio
1528 929 1565 999 in
1594 931 1758 1021 pertibus
1885 921 1887 976 i

386 1033 571 1108 theotonis
602 1043 731 1102 contre
765 1033 945 1104 hereticos
972 1031 1161 1118 deputatos
1187 1029 1310 1098 fideles
1337 1041 1482 1098 nostros
1507 1041 1648 1102 ceteros
1674 1055 1761 1128 quo·

387 1161 458 1232 que
485 1137 547 1228 qui
573 1135 617 1202 ed
644 1133 823 1202 hereticos
849 1129 1060 1199 iudicandos
1087 1130 1304 1198 accesserint
1338 1138 1374 1196 et
1407 1132 1655 1201 conuenerint.
1691 1135 1760 1204 nisi
1886 1203 1887 1206 ,

389 1259 514 1309 eorum
541 1233 651 1325 eliquj
679 1235 725 1302 eb
753 1233 910 1323 lmp'erio‘
932 1231 1004 1298 sint
1030 1229 1237 1319 proscripti.
1265 1229 1394 1296 eundo.
1421 1232 1608 1300 merendo.
1639 1244 1676 1301 et
1708 1233 1761 1304 re·

389 1337 533 1408 deundo
559 1334 627 1404 sub
654 1345 778 1403 nostre
806 1343 841 1402 et
866 1329 1011 1421 Imperij
1031 1331 1180 1418 speciali
1197 1327 1404 1396 defensione
1422 1341 1597 1420 receptos.
1616 1343 1650 1399 et
1666 1335 1763 1426 quod

258 1433 274 1446 ⁸
323 1419 333 1436 ¹
391 1437 487 1530 epud
523 1455 647 1504 omnes
682 1434 749 1502 sub
782 1455 851 1524 ope
878 1454 919 1498 ec
945 1429 1300 1501 recommendatione
1326 1428 1485 1510 fidelium
1513 1431 1658 1521 Imperij
1686 1456 1764 1504 esse

390 1542 559 1608 uolumus
585 1533 788 1602 inoffensos.
840 1529 1072 1617 Vniuersiteti
1098 1537 1217 1596 uestre
1244 1529 1464 1598 mandentes.
1492 1533 1659 1621 quatinus
1678 1557 1766 1625 quo·
1886 1527 1888 1536 ’

391 1656 546 1728 cumque
573 1645 608 1702 et
634 1634 729 1722 opud
756 1653 1008 1724 quemcunque
1035 1641 1196 1698 uestrum
1223 1631 1457 1717 peruenerint
1480 1632 1645 1721 henigne
1676 1635 1766 1704 reci.

391 1739 500 1829 pistis
527 1733 682 1804 eosdem.
711 1744 747 1800 et
773 1753 944 1821 personas
971 1752 1098 1798 eorum
1124 1729 1169 1796 cb'
1196 1729 1344 1807 incursu
1371 1732 1611 1800 hereticorum
1639 1733 1692 1802 eis
1713 1735 1785 1804 in·'

392 1832 596 1908 sidientium
625 1843 879 1900 conservantes·
905 1831 1125 1919 indempnes.
1152 1851 1259 1898 omne
1290 1832 1492 1900 consilium.
1525 1832 1696 1900 ducatum
1731 1846 1768 1904 et
1886 1885 1888 1890 -

394 1938 568 2008 auxilium
595 1931 810 2019 impendatis
837 1953 905 2021 pro
929 1941 1002 1996 tnm
1028 1930 1183 2019 ecceptis
1210 1941 1333 1996 cerem
1349 1931 1494 2000 domino
1509 1934 1670 2020 negociis
1688 1943 1768 2004 exe·

392 2035 554 2131 qucndie.
606 2032 793 2102 Hereticos
819 2053 909 2100 uero
934 2052 1024 2122 quos
1051 2029 1418 2119 deprehenderint'et
1442 2033 1666 2100 ostenderint
1696 2035 1768 2126 ipsi

391 2138 499 2208 uobis
533 2135 570 2204 in
593 2129 849 2202 'iurisdictione
883 2142 1006 2199 uestra
1037 2129 1169 2220 singnlj
1205 2133 1387 2220 capientes
1412 2131 1576 2220 diligentj
1604 2135 1770 2204 custodis

393 2235 618 2308 detinendos.
645 2233 760 2302 donec
785 2242 868 2322 poet
893 2231 1133 2301 ecclesiastice
1152 2230 1414 2320 dempnetionis
1430 2228 1617 2299 iudicium.
1638 2255 1769 2323 penem

394 2340 547 2424 subeant
573 2355 680 2425 quem
706 2344 903 2402 merentur.
955 2329 1209 2422 Sciturquuod
1236 2332 1274 2398 io
1301 2332 1512 2398 executione
1530 2331 1643 2421 ipsius
1660 2357 1771 2426 nego-

395 2437 441 2527 oij
468 2443 610 2527 gustum
637 2433 705 2505 det)
734 2441 770 2499 et
793 2431 974 2502 leudnbile
1001 2452 1121 2498 eorem
1149 2431 1254 2498 nobis
1281 2431 1475 2499 conferetis
1495 2432 1722 2525 obsequium.
1738 2432 1776 2506 ei

394 2537 440 2608 sd
466 2525 679 2608 abolendum
706 2531 751 2600 de
778 2533 942 2622 pertibus
968 2531 1151 2601 Alemonie
1177 2553 1309 2598 nouem
1337 2541 1372 2598 et
1398 2531 1578 2600 insolitem
1611 2525 1770 2603 heretice

393 2636 578 2712 insaniem
614 2631 811 2723 prauitatis.
846 2653 951 2722 opem
987 2641 1022 2699 et
1048 2647 1195 2718 operum
1222 2654 1292 2700 une
1318 2648 1400 2700 cum
1426 2630 1563 2698 eisdem
1594 2630 1769 2705 iretrihus

395 2732 626 2828 prestiteritis
661 2733 850 2800 efficerem.
910 2733 957 2804 Et
990 2731 1103 2823 siquis
1137 2730 1232 2799 foret
1257 2730 1386 2798 exinde
1413 2731 1601 2820 negligens
1627 2736 1690 2800 uel
1714 2758 1769 2804 re·

394 2837 535 2906 missus.
562 2833 700 2900 inutilis
725 2854 846 2902 corum
874 2831 1033 2900 domino.
1062 2844 1097 2901 et
1122 2831 1159 2898 in
1186 2841 1383 2921 conspectu
1406 2841 1531 2900 nostro
1549 2832 1682 2920 poterit
1697 2857 1769 2904 me·

395 2937 467 3006 rito
494 2933 683 3024 culpabilis
709 2955 896 3024 eppererc.
958 2936 1088 3002 Detum
1113 2934 1285 3000 Reuenne
1312 2935 1415 3000 Anno
1441 2931 1621 3000 dominice
1646 2936 1770 3004 lncer·
1807 2949 1818 2961 ”

394 3035 550 3106 ustionis
577 3032 770 3104 Millesimo
796 3033 1041 3106 ducentesimo
1066 3028 1264 3102 Tricesimo
1289 3030 1457 3100 secundo.
1497 3034 1623 3102 Mense
1638 3036 1770 3122 Mereij

396 3135 529 3233 Quinte
557 3128 776 3204 ludictionis.
857 3201 860 3208 ,
948 3151 952 3208 ἰ
1005 3201 1007 3209 .
1574 3156 1576 3165 ⁴

460 3353 492 3431 a)
519 3347 671 3437 Sigillum
696 3353 846 3418 illaesum
871 3343 1029 3434 appendet
1052 3371 1092 3415 ex
1115 3346 1317 3450 dlis-sericis
1342 3347 1434 3412 rubri
1460 3349 1585 3415 coloris.

460 3503 489 3586 b)
519 3505 656 3569 indictio
682 3499 851 3592 respondet
876 3527 961 3606 enno
988 3503 1062 3568 Chr.
1086 3467 1251 3588 expresso·
1290 3475 1293 3485 Ι

465 3649 495 3746 ej
520 3665 625 3726 Hocce
651 3659 816 3742 exemplos
842 3679 882 3724 οι
907 3647 1037 3724 erchiro
1063 3661 1329 3749 wirceburgensi
1351 3639 1558 3753 ¹desumptum
1586 3675 1682 3748 etque
1717 3663 1775 3730 in·'

516 3761 647 3825 editum.
698 3765 780 3842 lpse*
803 3769 910 3822 sutem
945 3771 1113 3824 contextus
1147 3785 1213 3825 non
1241 3763 1344 3824 differt
1368 3753 1775 3844 i⁵priori'constitdtione

516 3863 658 3926 eiusdem
677 3861 883 3940 imperatoris
909 3873 1019 3925 contre
1045 3845 1241 3938 haereticum·
1263 3873 1361 3944 quern
1388 3861 1559 3948 Goldestps
1582 3863 1620 3928 'in
1649 3865 1769 3931 consti·

404 3969 408 3979 '
461 3973 467 4008 ¹
519 3974 578 4028 tut.
600 3949 759 4063 imperial.
786 3963 820 4025 1.·
838 3971 913 4044 293.
939 3963 980 4025 sd
1004 3982 1128 4030 sunum
1147 3954 1259 4058 ‘mil
1280 3945 1388 4023 refert.
1448 3943 1467 4048 Ἰ
1566 4008 1570 4022 .
1652 3963 1687 3998 ¹·
1816 3951 1824 3958 ’
