3804 4718
689 321 956 412 Authenticu.
991 325 1002 338 '
1420 339 1512 428 141·

122 560 289 630 notuerit
314 558 506 630 muiestnti.
533 555 579 630 sd
605 559 815 650 petitionem
841 558 997 634 instrum
1022 561 1115 634 elius
1130 555 1301 637 defensor
1316 585 1424 662 quem
1442 591 1503 662 pe

125 659 272 730 cierint.
299 659 387 752 ipsis
414 657 641 728 concedatur.
692 659 790 729 Nulli
816 680 906 752 ergo
925 663 1073 734 omnino
1088 663 1275 736 hominurn
1290 668 1395 738 licent
1409 671 1502 740 beno

125 760 300 850 pepinum
323 769 449 829 nostre
474 758 710 848 protectionis
737 769 772 828 et
792 761 1036 832 concessionis
1052 762 1265 855 infringere.
1283 769 1342 838 sel
1358 769 1392 839 ei
1412 789 1503 840 nutu

122 853 323 928 temerario
348 858 539 928 contraire.
589 858 694 954 Quod
719 860 831 952 siquis
856 859 980 932 fecere
997 865 1269 957 presumpserit
1286 867 1502 959 indignatio·

125 973 212 1051 nem
238 957 383 1048 imperii
409 957 548 1027 romoni
575 968 611 1025 et
636 969 863 1030 nostrumne
888 961 1033 1031 nouerit
1058 962 1265 1036 incurrisse.
1294 976 1331 1035 et
1366 969 1501 1040 niotete

111 1056 228 1148 -pscis
251 1079 336 1126 reus
361 1058 502 1128 existat.
560 1061 647 1125 Acte
679 1067 762 1126 sunt
796 1060 862 1127 bec
887 1061 1117 1149 presentibus
1151 1072 1189 1132 et
1221 1068 1501 1156 cooperantibus

123 1153 364 1249 principibus.
417 1155 694 1228 venerabilibus
718 1157 756 1226 in
781 1157 926 1228 Christo
950 1158 1084 1232 sttrido
1111 1165 1319 1254 augustensi
1339 1174 1376 1235 et
1395 1167 1503 1236 Hein-

127 1257 208 1326 rico
232 1257 425 1327 Eistetensi
448 1256 650 1348 Episcopis.
698 1257 897 1328 Ludewico
923 1263 1071 1352 quoque
1096 1259 1229 1332 illustri
1259 1264 1351 1334 duce
1376 1265 1503 1336 Busse-

125 1356 215 1424 riuc.
264 1357 436 1426 Preteres
462 1355 661 1424 (inmitibus
687 1366 725 1423 et
749 1355 958 1426 baronibus.
1007 1359 1232 1432 Hertmenno
1257 1363 1302 1434 tls
1328 1349 1500 1457 dilingen.

125 1453 345 1527 vaonredo
371 1455 415 1525 de
431 1451 660 1526 Wirtsnberc
687 1450 890 1526 comitibus.
941 1453 1129 1528 Friderico
1152 1459 1197 1530 de
1221 1460 1500 1555 trubendingen.
1610 1524 1614 1532 .

125 1555 300 1632 lieinrico
327 1554 370 1625 sle
396 1555 542 1646 niphen.
578 1553 759 1624 Albcrone
785 1552 831 1623 tle
845 1575 986 1647 wenge.
1019 1557 1500 1634 Eberhardodelicbbeirn.

122 1656 336 1726 baronibus.
362 1654 656 1724 illinisteriulibus
682 1673 827 1747 quoque
852 1653 1051 1745 imperitiis
1076 1659 1168 1728 sule.
1206 1659 1417 1732 Eberbsrdo
1444 1664 1504 1734 ‹lu-

123 1753 245 1845 piiero
271 1755 315 1824 ‹le
340 1757 531 1848 waltpurc.
584 1753 776 1832 coenredo
803 1762 838 1823 et
862 1754 1076 1828 Ebcrbsrolo
1101 1756 1274 1832 frutribus
1292 1759 1337 1834 ‹te
1355 1763 1502 1838 winter,-

124 1865 218 1924 eren.
271 1853 422 1926 Dietone
450 1852 495 1924 de
511 1853 693 1942 Aistepen.
731 1853 923 1944 Swigpsrc
948 1853 993 1924 de
1010 1852 1247 1931 miudelbsrc.
1292 1859 1501 1936 Burcbsrdo

1 2020 2 2025 ,
125 1954 171 2022 de
197 1952 420 2028 hobenburc.
447 1963 485 2024 et
508 1953 590 2024 eliis
616 1974 724 2049 quesn
749 1947 918 2046 plurimis
942 1949 1109 2028 feliciter.
1172 1961 1204 2028 A
1252 1959 1293 2030 Μ
1339 1959 1371 2030 E
1421 1963 1466 2032 N.

227 2140 357 2208 Deturn
384 2142 543 2228 Auguste
568 2157 635 2228 per
658 2158 804 2208 menum
829 2136 991 2208 Heinrici
1013 2135 1299 2212 constantiensis
1315 2145 1502 2236 prepositi

125 2237 327 2329 imperialis
353 2240 432 2309 sule
456 2231 733 2329 prothonotarii.
781 2235 903 2309 ldibus
927 2229 1157 2310 Nouembris.

232 2394 429 2480 ressensis
455 2409 568 2480 teron
594 2405 743 2478 resono.
802 2409 906 2478 sono
940 2406 1074 2480 sonno
1107 2410 1173 2482 M0.
1208 2414 1276 2480 00⁰.
1311 2391 1503 2484 viceritne

126 2523 243 2581 sexto.

191 2763 225 2838 a)
252 2757 422 2847 Sigillum,
457 2760 541 2842 quot
568 2758 783 2840 appendebat,
808 2755 927 2839 periit,
959 2757 1112 2842 disruptis
1145 2775 1271 2842 quoquc
1301 2751 1502 2824 olosericis
1549 2757 1555 2766 ’

253 2860 353 2935 rubri,
379 2858 454 2922 fluvi
479 2877 516 2922 sc
538 2857 623 2922 lusci
649 2855 781 2936 eoloris„
803 2877 940 2940 quornm
966 2877 1038 2938 pers
1063 2857 1211 2940 superior
1224 2857 1381 2922 remansit
1401 2877 1502 2922 meru·

253 2955 533 3024 breneeintrrius
559 2956 767 3039 complicatae
791 2956 922 3021 innexi.

190 3115 222 3196 b)
250 3112 388 3178 indictio
413 3133 545 3175 erroneo
569 3111 671 3192 posito
697 3124 744 3177 est
768 3109 838 3172 loeo
872 3108 1012 3174 <lecimus
1046 3120 1174 3194 quartae
1209 3103 1408 3185 truserint,
1447 3121 1504 3173 sut

150 3257 161 3266 -
251 3215 319 3280 XV.
347 3231 524 3287 cauereee3
549 3233 624 3273 nom
652 3211 691 3272 ed
716 3233 840 3274 annum
872 3205 967 3276 1226.
984 3209 1236 3274 instrumentum
1252 3208 1503 3292 hucpertinere,

54 3311 63 3318 “
184 3344 185 3352 ¹
254 3326 376 3377 certum
402 3321 515 3374 estex
540 3311 723 3392 synchrono
749 3321 827 3375 testo
853 3319 884 3372 ct
909 3309 1054 3385 oculato,
1084 3307 1268 3374 Burchurdo
1294 3308 1502 3374 Biberscesrsi

112 3487 113 3490 Ἴ
254 3413 290 3477 in
315 3410 450 3475 historin
476 3407 634 3472 Friderici
657 3413 683 3474 1.
709 3410 793 3474 edite
817 3411 836 3470 i
862 3405 1070 3474 Christmrnn
1097 3429 1128 3492 p.
1158 3403 1229 3474 162.

194 3575 224 3648 c)
252 3565 383 3628 Editutn
408 3567 445 3628 iu
470 3565 579 3652 Liinig
604 3563 748 3652 spicileg.
777 3515 888 3628 socia.
913 3563 972 3630 Ill.
986 3561 1092 3626 Theil.
1120 3558 1195 3629 678·
1212 3571 1243 3627 st
1258 3561 1277 3624 lt
1293 3560 1501 3626 cbristmrnn

249 3685 327 3728 mox
350 3666 432 3729 dicto
457 3664 493 3726 in
519 3663 648 3747 praeiet.
675 3685 707 3746 p.
731 3661 1032 3746 xxtx-xxxfl
1058 3662 1093 3724 in
1129 3673 1203 3724 notu
1237 3661 1276 3724 li.
1309 3672 1404 3724 entes
1438 3661 1503 3724 sdi-

253 3779 323 3828 turn
349 3765 385 3827 in
409 3763 527 3828 Annul.
554 3763 802 3830 Prasmonstrct.
828 3763 873 3826 11.
897 3762 1022 3863 probet.
1047 3773 1125 3828 'tol-
1146 3761 1385 3825 omissotsmen
1401 3778 1501 3826 suno.

192 3921 230 4002 cl)
257 3919 309 3982 Ex
335 3917 518 3982 memoretis
543 3919 582 3980 ab
607 3918 760 3984 Heinrico
785 3917 855 3980 vll.
884 3928 1121 3982 antecessorum
1155 3934 1287 3978 suornm
1321 3913 1501 4004 privilegiis

255 4015 391 4082 unicum
426 4015 588 4100 comperet
613 4017 751 4082 Conrsdi
784 4017 825 4082 11.
852 4037 907 4082 su.
936 4028 1030 4085 rste.
1069 4027 1099 4081 4.
1126 4015 1212 4096 Sept.
1237 4011 1322 4098 qussi
1346 4011 1498 4080 eonirtur.
