3804 4718
600 317 940 463 bulbenlica
1425 343 1506 428 103

131 565 327 652 Augustus.
351 571 390 629 et
415 557 494 630 Rex
519 555 650 628 Sicilie
702 557 845 654 Quanto
871 577 938 629 nos
962 557 1008 630 ad
1033 533 1145 631 seculi
1171 561 1334 656 regimen
1360 588 1425 659 pre
1446 591 1502 638 oe·

130 658 220 730 teris
256 661 444 730 excelsius.
479 657 592 728 diuini
626 655 778 728 altitudo
811 659 953 727 consilii
988 659 1206 733 sublimauit.
1238 674 1340 735 tanto
1365 688 1433 736 nos
1457 669 1532 738 ad.

130 761 354 830 fauorabilss
379 759 539 828 fidelium
565 769 772 826 nostrorum
798 777 927 848 preces
953 757 1125 830 debemus
1151 784 1225 830 non
1249 765 1433 836 immerito
1453 768 1503 838 fa·
1591 814 1595 828 ι

130 863 236 930 cilius
262 859 441 930 inclinari.
492 857 645 931 Nouerit
668 857 781 948 igitur
806 858 968 927 omnium
994 860 1125 938 Christi
1151 858 1312 932 fidelium
1333 876 1409 935 tam
1426 888 1503 967 pre·

128 961 288 1032 sentium
313 969 401 1030 etas.
429 981 536 1050 quam
563 957 767 1026 futurorum
794 977 1004 1028 successura
1029 961 1234 1051 postea-itus.
1259 963 1356 1056 quod
1382 967 1426 1034 ad
1441 989 1503 1056 pe
1586 1041 1588 1048 .

127 1061 302 1130 ticionem
329 1058 543 1128 dilectorum
571 1067 608 1126 et
632 1057 790 1146 fidelium
817 1057 1021 1148 principum
1047 1070 1266 1132 nostrorum.
1308 1063 1504 1136 Bolseberti

127 1157 450 1250 babenbergensis.
476 1167 512 1227 et
539 1157 681 1228 Ottonis
707 1157 981 1250 Herbipolensie
1006 1160 1273 1252 episcoporum.
1300 1159 1344 1231 de
1381 1161 1502 1234 matri·

128 1260 264 1330 moniis
289 1260 387 1329 inter
410 1256 665 1328 aecclesiarum
691 1275 817 1326 eorum
841 1254 995 1326 familias
1020 1261 1285 1330 contrahendis·
1304 1271 1341 1335 el
1355 1261 1400 1332 de
1419 1285 1501 1335 cou-

127 1360 351 1430 trabentium
378 1359 554 1450 prolibus.
580 1357 678 1427 inter
703 1355 881 1448 predictae
907 1359 1099 1428 aecclesias
1124 1359 1342 1450 parciendis.
1372 1363 1502 1434 libera:

128 1463 201 1530 lem
237 1460 289 1529 eis
322 1457 609 1550 magnificentiae
641 1466 766 1526 nostre
800 1477 1016 1526 eonsensum
1048 1457 1224 1530 dedimus.
1259 1471 1296 1530 et
1325 1461 1501 1535 fauorem.

127 1561 265 1630 Ratum
297 1560 479 1630 babentes.
515 1567 552 1626 et
583 1557 762 1648 presentis
794 1555 918 1648 scripti
952 1575 995 1625 ac
1028 1557 1139 1650 sigilii
1164 1560 1279 1628 nostri
1305 1563 1501 1635 munimine

129 1660 397 1734 confirmantes.
429 1657 602 1752 quicquid
632 1657 704 1749 ipsi
736 1655 782 1726 de
813 1655 1044 1748 prudentum.
1083 1681 1125 1728 ao
1156 1659 1317 1728 bdelium
1353 1681 1502 1733 suorum

129 1761 305 1830 consiliis.
337 1779 447 1850 super
478 1757 651 1851 predictis
684 1777 727 1825 ac
758 1755 896 1827 mutuis
921 1757 1233 1834 matrimoniorum
1260 1764 1503 1833 contractibus

128 1860 174 1929 ad
201 1859 459 1930 aecclesiarum
483 1879 632 1929 suornm
658 1854 848 1948 profectus
873 1866 909 1925 et
933 1859 1123 1930 commoda
1148 1858 1378 1954 decreueriot
1411 1863 1504 1931 ordi-

127 1983 228 2029 nare.
281 1958 396 2028 Huius
422 1954 476 2026 rei
503 1967 613 2026 testes
639 1965 733 2026 sunt.
785 1958 954 2027 Albertue
970 1955 1292 2049 magdeburgensis
1309 1963 1502 2052 archiepis·

127 2081 255 2150 copus.
307 2053 860 2145 EcltebertusBabenbergensis
884 2057 1088 2147 episcopus.
1140 2058 1505 2150 SifridusAugusten·

127 2163 177 2230 sis
206 2154 409 2250 episcopus.
460 2159 587 2226 Cuono
613 2155 787 2224 fuldensis
813 2165 850 2225 et
875 2157 1087 2226 elwacensis
1112 2155 1236 2228 abbas.
1276 2157 1386 2228 Laici.
1419 2159 1501 2232 Ota·
1641 2175 1650 2182 ·

126 2281 234 2329 carus
261 2260 340 2328 Rex
363 2257 525 2326 Boemie.
577 2254 792 2326 Ludewious
827 2254 900 2323 dur
933 2254 1129 2326 bawariae.
1168 2257 1348 2348 palatinus
1381 2281 1502 2331 comes

127 2359 221 2428 reni.
275 2358 454 2426 Henricus
478 2356 643 2426 Marchio
668 2354 864 2424 Morauiae.
917 2353 1003 2424 Otto
1029 2353 1104 2428 dux
1127 2355 1171 2426 dc
1195 2359 1345 2428 Menam.
1381 2361 1504 2450 palati·

128 2479 199 2527 nus
225 2478 348 2530 comes
372 2456 617 2550 Burgundios.
668 2455 845 2526 ilenrico·
878 2473 1001 2524 comes
1037 2455 1083 2526 de
1108 2458 1338 2528 ortenbercb.
1389 2459 1501 2531 Lude·

129 2559 249 2628 wicus
273 2579 396 2628 comes
421 2555 467 2626 de
483 2551 730 2647 Zigenbagen.
779 2553 998 2626 [ludewicus
1017 2577 1137 2626 comes
1156 2555 1201 2628 de
1217 2557 1384 2650 Otingen
1416 2560 1507 2629 Bur·

131 2657 287 2726 cbardus
321 2677 442 2730 comes
475 2655 520 2724 de
546 2654 771 2726 Mannesfelc
832 2655 1046 2746 [lampertus
1082 2678 1204 2728 comes
1240 2657 1286 2727 de
1320 2657 1505 2728 Gelioben

131 2761 362 2830 Hermannus
386 2777 508 2826 comes
531 2755 577 2828 de
603 2754 881 2824 Waldenbercb.
929 2753 1134 2824 Fridericus
1160 2755 1205 2825 de
1226 2756 1504 2849 trubendingen.

39 2915 43 2926 .
132 2859 304 2927 Albertus
336 2855 381 2926 de
404 2839 676 2924 Franlte'nstein.
737 2849 953 2922 berhtoldus
993 2849 1038 2922 dc
1063 2855 1241 2924 Alenuelt.
1290 2857 1505 2926 Ansbalmus

135 2959 181 3030 de
204 2957 409 3050 Justingen.
460 2954 692 3024 Maracalcus.
744 2949 931 3022 cunradus
957 2951 1092 3024 vlricus
1128 2951 1259 3024 iratres
1294 2953 1340 3024 de
1364 2955 1505 3024 Werda.

133 3058 314 3128 Henricus
339 3055 514 3146 magister
539 3053 693 3148 coquioe
719 3051 763 3122 de
789 3047 1041 3134 Retenburcb.
1092 3047 1275 3125 liudolfus
1302 3053 1347 3129 de
1372 3055 1507 3126 bouelt.

132 3157 322 3243 Riobolfus
346 3157 391 3228 de
416 3155 637 3230 lutenbach
647 3161 683 3224 et
708 3146 783 3222 Alii
809 3175 919 3246 quam
944 3155 1080 3244 plures.

235 3261 328 3326 Data
352 3255 446 3349 apud
470 3261 678 3361 Augustam.
697 3251 792 3342 ιήῡ.
830 3251 912 3325 ldus
938 3254 1089 3346 Augusti
1116 3253 1325 3327 lndictione.
1362 3255 1455 3346 cuja

201 3493 234 3566 a)
262 3482 430 3572 Sigillum,
457 3483 491 3544 in
519 3499 573 3544 ora
599 3479 750 3544 nonnihil
775 3479 919 3558 laesum,
944 3481 1102 3565 appendet
1127 3501 1167 3545 ex
1192 3477 1255 3547 iilis
1281 3483 1391 3550 sericio
1417 3483 1507 3550 rubri

262 3597 293 3648 et
318 3583 393 3646 flavi
419 3581 545 3646 coloris.

200 3738 236 3820 b)
262 3743 374 3800 Annus
400 3737 475 3800 Chr.
500 3755 558 3818 per
583 3733 683 3796 solam
709 3731 919 3796 indictionem
942 3733 1101 3799 iudicatus
1129 3746 1209 3816 est.¹

190 3899 234 3980 ρ)
260 3889 391 3954 Editum
417 3891 453 3952 in
480 3885 612 3970 Stumpf
632 3884 707 3950 hist.
732 3883 851 3973 Archiv
875 3885 930 3950 fiir
953 3856 1113 3954 Fienksn.
1139 3887 1182 3952 11.
1210 3883 1298 3953 Heft.
1325 3899 1378 3954 23.

203 4047 239 4126 d)
266 4045 459 4108 Desumtum
487 4062 527 4106 ex
553 4041 686 4122 brobivo
713 4039 917 4126 Wirccburg.
