3830 4734
654 319 845 433 'episc
876 315 1016 404 Pater.
1197 299 1202 307 ’
1368 275 1374 287 1
1485 325 1587 440 393-

17 529 23 536 ·
144 587 150 594 ·
196 575 275 634 mers
303 554 472 624 meliores
499 551 652 622 fideliter
677 550 755 620 sine
782 550 865 619 siolo
892 535 926 620 el
953 550 1090 619 fraude.
1121 553 1206 618 item
1233 551 1263 619 si
1299 552 1457 642 sigillum
1491 579 1574 630 nos·

89 669 97 682 ·
196 664 290 722 trmn
319 655 461 744 quoad
489 675 635 742 presens
662 653 713 720 vsi
740 673 861 720 sumus
888 655 1076 718 immutare
1111 673 1175 720 nos
1210 653 1434 741 contingeret
1466 679 1574 749 quam

196 753 269 820 cito
295 765 380 820 tirno
407 754 551 820 nomino
590 751 833 840 predictorum
862 751 1018 840 Capituli
1053 760 1087 817 et
1120 752 1374 820 canonicorum
1407 759 1572 846 requisiti

193 853 368 920 fuerimus
395 853 512 920 maius
533 861 692 918 nostrum
721 852 880 938 sigillum
907 852 1132 940 presentibus
1164 853 1241 918 sine
1275 875 1375 918 mora
1410 866 1470 922 aut
1503 857 1571 926 alie

193 965 292 1020 carte
320 953 354 1018 in
383 975 452 1042 qus
480 953 598 1022 omnia
625 961 660 1016 et
687 947 827 1038 singula
860 952 898 1016 in
926 950 1082 1038 presenti
1110 961 1207 1018 carta
1233 953 1434 1042 conscripta
1462 958 1572 1024 contis
1678 1009 1684 1018 .

192 1060 346 1119 neantur
363 1061 478 1140 ¹prout
505 1051 619 1139 magis
645 1049 696 1118 eis
723 1052 898 1138 placuerit
920 1071 1168 1138 apponemus.
1196 1051 1270 1117 Nos
1300 1051 1406 1120 etiarn
1431 1053 1466 1119 in
1494 1069 1581 1126 orn·‘

192 1151 298 1218 nibus
325 1161 358 1216 et
384 1151 533 1238 singulis
571 1147 754 1238 premissis
788 1159 824 1218 et
862 1170 988 1216 eorum
1022 1150 1185 1240 quolibet
1217 1151 1467 1220 renunciamus
1506 1157 1572 1223 sol·

190 1251 383 1340 lempniter
407 1261 442 1317 et
469 1267 637 1338 expresse
665 1249 865 1338 exceptioni
891 1247 965 1315 clnli
992 1250 1075 1316 mali
1108 1250 1144 1316 in
1179 1248 1309 1316 factam
1343 1255 1570 1322 occasionem

191 1353 297 1454 alitgr
324 1349 405 1416 lacti
423 1371 529 1438 quam
559 1349 681 1436 scripti
700 1357 733 1414 et
753 1369 772 1412 e
792 1369 978 1427 conuerso,
1006 1347 1102 1437 quod
1118 1347 1160 1415 vi
1175 1350 1269 1428 [Vis]
1286 1361 1445 1419 motusve
1465 1375 1571 1422 causa

189 1449 287 1517 omni
323 1448 465 1518 iudicio
504 1449 628 1530 officit,
668 1447 846 1528 beneficio
884 1447 1122 1514 restitutionis
1161 1451 1195 1512 in
1229 1448 1409 1536 integrum
1445 1455 1571 1522 colttra

129 1576 136 1584 ·
186 1549 362 1638 premissa
390 1549 449 1616 uel
475 1546 619 1637 aliquod
647 1547 905 1636 premissorum
932 1546 1149 1614 coniunctim
1170 1549 1232 1614 *vel
1259 1545 1421 1634 diuislm,
1454 1573 1496 1618 ac
1521 1555 1572 1624 le·

188 1646 294 1736 gibus
320 1658 355 1716 et
382 1648 579 1716 senonibus
606 1645 735 1738 quibus
763 1657 913 1714 cauetur
937 1646 1169 1714 alienationes
1202 1640 1384 1716 debonis
1418 1651 1569 1720 ecclesie
1625 1689 1642 1700 -

188 1747 266 1815 fieri
293 1767 365 1814 non
392 1745 523 1815 debere
550 1769 617 1814 nec
646 1765 747 1835 posse
775 1741 841 1814 nisi
874 1744 918 1813 <le
950 1746 1093 1812 licentia
1121 1747 1273 1818 Romani
1299 1749 1482 1819 Pontifiois
1508 1763 1570 1820 aut

105 1915 118 1928 ,
187 1848 512 1934 sollempnitatibus
536 1846 711 1935 legalibus
738 1846 940 1914 obseruatis
966 1867 1007 1913 ac
1033 1844 1079 1913 ad
1111 1847 1332 1914 solucionem
1365 1848 1569 1921 debitorum

186 1968 259 2015 non
287 1948 401 2014 teneri
436 1943 505 2014 nisi
539 1967 581 2013 ea
616 1955 752 2014 constet
790 1946 825 2011 iu
852 1947 1047 2013 Vtilitatem
1082 1949 1232 2014 ecclesie
1265 1946 1345 2016 sore
1382 1969 1567 2020 conuersa.

188 2053 237 2114 Ac
264 2068 329 2134 per
356 2048 520 2134 capitula
555 2065 618 2112 seu
656 2046 846 2132 canonicos
883 2045 966 2110 fieri
996 2065 1067 2110 non
1108 2065 1213 2134 posse
1243 2045 1477 2116 vel-debere.
1516 2056 1567 2119 Aa

177 2148 294 2214 etiam
323 2141 525 2214 huiusmodi
551 2152 756 2210 contractus
781 2142 837 2209 vel
863 2143 1094 2210 alienationes
1126 2143 1358 2210 annullantur
1390 2167 1454 2214 seu
1487 2170 1568 2239 pro.

186 2247 367 2330 bibentur,
395 2243 494 2311 omni
520 2241 723 2330 exceptioni
749 2241 846 2309 luris
873 2251 908 2308 et
932 2240 1029 2326 facti,
1055 2241 1186 2308 actioni
1213 2251 1248 2310 et
1275 2243 1492 2313 condictioni
1519 2247 1567 2314 in-

179 2343 296 2412 -debiti
314 2345 390 2412 sine
405 2353 555 2410 causset
572 2364 615 2408 ex
626 2341 757 2409 iniusta
767 2360 884 2424 causa,
894 2335 1058 2430 petitioni
1075 2340 1185 2408 libelli
1202 2363 1265 2435 seu
1282 2343 1474 2431 petitiones
1491 2353 1566 2436 (pq.

186 2445 320 2524 titioni)
337 2443 443 2510 etiam
461 2441 563 2534 copie
583 2440 757 2530 presentis
776 2438 1020 2526 instrumenti,
1048 2441 1123 2508 eius
1138 2441 1274 2508 Visioni
1294 2443 1439 2512 lectioni
1460 2457 1494 2512 et
1513 2449 1565 2516 in·

187 2543 410 2635 pugnationi,
435 2544 534 2610 omni
553 2540 756 2609 inhibitioni
777 2561 819 2608 sc
834 2540 913 2608 luri
931 2562 996 2630 per
1018 2541 1114 2632 quod
1133 2539 1303 2630 deceptus
1325 2564 1389 2612 seu
1414 2545 1566 2616 circum·

184 2653 314 2712 uentus
337 2644 555 2711 subuenitur
580 2663 643 2708 seu
669 2637 852 2728 subuenirj
880 2639 1022 2729 poterit.
1050 2633 1188 2708 aeluri
1216 2640 1347 2710 dicenti
1374 2645 1567 2716 confessio·

124 2799 128 2806 .
169 2765 265 2824 ,nem
292 2765 356 2810 seu
382 2742 668 2830 recognitionem
683 2749 784 2806 extra
803 2739 983 2806 iudicium
1009 2739 1122 2806 factas
1147 2761 1218 2810 uon
1238 2743 1375 2826 Valere,
1403 2745 1564 2834 Epistola

184 2843 329 2930 Adrianj
357 2864 450 2910 noue
477 2863 540 2910 seu
574 2861 749 2906 nouarum
781 2841 1077 2906 constitutionum
1111 2847 1146 2906 et
1179 2839 1430 2911 nichilominus
1464 2849 1565 2914 omni

183 2943 263 3011 luri
289 2943 420 3011 actioni
447 2938 649 3030 exceptioni
675 2948 710 3005 et
736 2937 935 3006 defensioni
970 2961 1011 3007 ac
1035 2937 1133 3007 Juris
1158 2941 1322 3006 canonici
1347 2950 1408 3009 aut
1442 2945 1565 3036 legum

184 3040 316 3109 auxilio
344 3051 380 3108 et
407 3063 633 3131 quocumque
660 3037 946 3133 extraordinario
972 3036 1135 3108 remedio
1168 3061 1234 3129 per
1270 3039 1366 3132 quod
1399 3045 1457 3110 uel
1492 3069 1563 3136 que

183 3143 372 3210 Possemus
392 3150 523 3208 contra
552 3149 717 3207 contenta
749 3160 813 3206 seu
841 3137 1018 3230 descripta
1055 3138 1092 3204 in
1126 3133 1562 3227 presenti-instrumento

184 3229 241 3311 rel
269 3263 393 3308 eorum
420 3238 565 3332 aliquod
592 3238 862 3330 quomodolibet
888 3237 1007 3309 facere
1029 3238 1088 3307 uel
1115 3240 1249 3309 venire.
1269 3241 1328 3308 'Et
1354 3241 1562 3331 specialiter

100 3411 101 3416 ,
182 3341 264 3412 luri
290 3340 421 3428 dicentj
449 3341 654 3429 generalem
681 3336 987 3406 renunciationem
1013 3341 1227 3408 convalere
1252 3341 1319 3408 nisi
1346 3348 1564 3432 precesserit

182 3439 357 3529 specialis.
384 3440 457 3506 Nos
484 3441 578 3508 enim
595 3437 803 3506 Jurauimus
830 3436 873 3504 ad
900 3445 1022 3506 sancta
1047 3436 1105 3528 dej
1132 3441 1332 3530 aevangelia
1357 3463 1562 3514 sacrosanc-

182 3540 228 3607 tis
253 3541 469 3629 Eivangelys
498 3560 563 3629 per
589 3559 655 3606 nos
682 3536 930 3628 corporaliter
954 3537 1209 3606 tactis'omnia
1243 3550 1278 3608 et
1299 3541 1451 3630 ,singula
1482 3567 1561 3634 pre·

180 3639 290 3708 missa
315 3649 483 3706 contenta
509 3659 572 3707 seu
598 3636 778 3726 descripta
803 3637 839 3704 in
874 3637 1033 3726 presenti
1059 3640 1297 3708 instrumento
1324 3642 1469 3729 publico
1502 3645 1571 3711 fin.
1634 3645 1670 3705 Γ

97 3781 105 3788 -
180 3741 289 3808 miter
315 3747 350 3806 et
389 3737 543 3807 fideliter
567 3739 761 3806 observare
794 3736 915 3805 facere
939 3741 1110 3830 prosequi
1139 3750 1174 3807 et
1210 3752 1331 3808 tenere
1364 3740 1441 3806 sine
1475 3737 1561 3814 dolo

181 3850 218 3908 et
243 3838 369 3907 fraude
395 3848 582 3907 eteontra
609 3860 650 3906 ea
687 3858 759 3905 non
785 3837 915 3906 Venire
949 3841 1069 3930 aliquo
1102 3840 1248 3929 ingenio
1281 3835 1467 3910 occasione
1501 3847 1560 3912 rel
1685 3907 1689 3918 ,

181 3961 287 4008 causa
313 3939 448 4006 directe
475 3940 532 4005 vel
559 3937 732 4006 indirecte
756 3935 899 4027 publice
924 3941 982 4008 vel
1009 3940 1157 4008 occulte.
1187 3939 1303 4026 Super
1328 3939 1458 4031 quibus
1485 3963 1559 4010 om·

179 4037 286 4130 nib-us
312 4049 348 4107 et
373 4033 524 4130 singulis
550 4037 800 4107 mandauimus
825 4037 966 4111 dilectis
992 4038 1029 4108 in
1055 4037 1200 4142 Christo
1217 4038 1338 4108 Vlrico
1362 4039 1408 4107 de
1433 4051 1559 4112 sancto
1687 4031 1691 4056 ¹

227 4160 292 4208 Ιοι.
310 4161 376 4208 eata.
394 4163 450 4212 vu.
464 4162 528 4214 XXX.
542 4173 585 4208 sse
602 4160 749 4208 collectionis
760 4163 834 4210 abtas
850 4161 894 4205 lll-
1346 4149 1392 4216 50
