3746 4720
199 331 230 388 ’.
342 307 465 434 mog
741 309 986 432 Diplomets
1013 247 1328 428 bnperatorum

310 548 526 630 ‘zelantem
570 547 794 618 Auctoritate
819 544 1016 620 maiestatis
1040 549 1141 641 regie
1170 547 1446 632 confirmamus,
1479 547 1651 624 Volentes
1686 559 1721 618 ct

345 646 635 722 desiderabiliter
661 650 887 735 affectantes,
911 661 954 719 ut
978 653 1120 738 clerici,
1147 651 1346 735 seculares,
1371 650 1558 730 monachi,
1583 650 1722 716 monia-

343 754 418 837 les,
447 763 482 819 et
509 770 633 816 omncs
659 749 823 852 religiosi
849 749 1109 842 cuiuscumque
1136 745 1292 835 ordinis,
1318 748 1400 816 laici
1428 749 1535 816 etiam
1553 748 1722 830 etJudei,

343 854 453 919 huius
480 849 578 942 pacis
605 859 641 916 et
678 835 948 941 tranquillitatis
984 849 1137 918 comodo
1173 847 1398 930 (commodo)
1432 847 1613 939 gaudeant
1646 868 1723 938 per-

343 961 457 1066 petuo
485 959 520 1016 et
546 949 724 1016 fruantur.
749 959 787 1016 vt
812 955 932 1016 autem
958 949 1053 1016 inter
1060 937 1220 1019 nobiles
1247 957 1344 1016 terre
1382 956 1418 1018 et
1454 948 1619 1015 ciuitates
1643 959 1723 1014 non

207 1115 218 1122 .
344 1050 475 1163 possit
487 1047 670 1116 discordie
697 1031 889 1137 'serupulus
916 1047 1095 1133 suboriri,
1121 1069 1187 1138 per
1213 1069 1320 1140 quem
1345 1049 1415 1115 hoc
1441 1055 1602 1114 sanctum
1625 1046 1722 1135 pacis
1854 1035 1866 1066 l

344 1149 540 1240 negocium
575 1146 743 1236 impediri
777 1148 895 1214 ualeat
928 1149 990 1216 uel
1023 1147 1174 1217 turbari.
1209 1148 1254 1215 dc
1288 1167 1468 1216 consensu
1493 1145 1664 1214 concoidi
1692 1153 1726 1210 ct

344 1247 507 1316 unanimi
533 1249 719 1314 uoluntate
745 1245 924 1316 nobilium
951 1255 989 1314 et
1014 1247 1123 1315 etiam
1149 1246 1347 1331 ciuitatum,
1373 1267 1419 1316 ex
1435 1256 1577 1314 matura
1593 1243 1724 1312 delibe-

347 1347 490 1436 ratione
515 1345 629 1414 nostri
656 1339 797 1427 consilii
825 1345 878 1414 sic
904 1345 1132 1416 decreuimns
1159 1345 1409 1434 statuendum,
1448 1358 1487 1414 vt
1522 1339 1664 1414 nobiles
1689 1353 1725 1411 et

322 1445 485 1514 ‚domini
509 1455 609 1527 terre
636 1441 778 1514 iudiciis
805 1444 880 1513 suis
906 1445 1000 1514 iuste
1026 1441 1193 1532 utantur',
1230 1467 1272 1514 aa
1305 1445 1386 1513 iura
1417 1465 1481 1512 sua
1512 1465 1579 1535 per
1605 1442 1724 1511 omnia

348 1545 538 1614 obtineant
565 1540 664 1613 sicut
681 1543 825 1612 debent.
877 1539 936 1610 Ab
963 1541 1036 1612 illis
1062 1545 1168 1614 etiam
1194 1544 1401 1613 hominibus
1434 1543 1495 1636 qui
1528 1543 1566 1610 in
1601 1561 1725 1612 eorum

347 1643 659 1713 iurisdictionibus
686 1651 977 1728 commorantur,
1002 1663 1046 1712 aa
1070 1643 1225 1744 seruicia
1252 1655 1288 1712 et
1314 1645 1393 1714 iura
1419 1639 1596 1734 recipiant
1623 1653 1658 1714 et
1675 1661 1725 1708 re-

349 1744 515 1836 quirunt,
545 1761 614 1834 que
641 1741 712 1830 ipsi
737 1751 772 1810 et
798 1735 1073 1831 progenitores
1080 1765 1206 1810 eorum
1234 1751 1316 1810 ante
1341 1743 1530 1844 Tringinta
1556 1741 1615 1810 uel
1636 1740 1726 1837 Qua·

348 1843 514 1934 draginta
541 1861 603 1911 seu
632 1839 901 1954 Quinquaginta
927 1861 1041 1910 annos
1067 1841 1160 1948 iuste
1187 1839 1309 1910 iacere
1335 1852 1613 1924 consueuerant,
1639 1839 1725 1909 etii·

348 1943 394 2011 lis
420 1936 528 2011 etiam
553 1939 624 2030 ipsi
650 1934 786 2007 domini
812 1939 884 2007 sint
911 1937 1084 2010 contenti.
1099 1937 1272 2010 Omnes
1299 1943 1407 2010 etiam
1432 1940 1600 2028 ecclesie,
1632 1937 1724 2008 Ciui-

256 2091 260 2098 ·
347 2052 442 2112 tates
469 2049 506 2108 et
531 2037 665 2130 oppida
691 2048 727 2108 et
752 2059 876 2109 aarum
903 2040 1065 2134 quelibet
1089 2039 1206 2110 iuxta
1202 2038 1422 2136 specialia
1412 2061 1493 2108 rura
1517 2061 1579 2108 sua
1597 2036 1725 2129 gaude·

349 2150 412 2210 ant
436 2149 615 2232 perpetuo
642 2148 679 2207 et
703 2138 891 2228 fruantur,
924 2141 1074 2230 pacifice
1100 2150 1136 2209 et
1163 2141 1285 2232 quiete
1311 2140 1382 2209 illis
1408 2139 1637 2208 libertatibus
1663 2135 1724 2206 hc·

248 2314 251 2320 γ
347 2239 501 2314 nuribus
527 2249 563 2309 et
587 2237 729 2310 iuribus
754 2240 986 2330 generalibus
1014 2250 1050 2311 et
1070 2241 1287 2330 specialibus
1308 2261 1379 2331 que
1400 2239 1636 2309 obtinuerunt
1647 2231 1728 2306 hae-

349 2351 455 2409 tenus
482 2361 527 2408 ex
552 2338 715 2430 antiquo.
768 2338 805 2408 Si
831 2347 952 2408 autem
977 2340 1137 2409 nobiles
1148 2351 1185 2409 et
1211 2339 1347 2409 domini
1374 2337 1528 2432 predicti
1555 2360 1623 2430 per
1645 2335 1729 2405 ciui·

244 2437 248 2458 “
341 2448 442 2508 tates
468 2435 536 2507 sibi
561 2436 716 2506 illatas
706 2435 856 2508 iniurias
884 2448 1161 2530 conquerantur.
1195 2437 1266 2530 ipsi
1300 2449 1454 2531 propter
1485 2440 1556 2508 hoc
1588 2437 1725 2506 nullum

352 2536 588 2629 captiuabunt
614 2558 660 2605 ex
686 2536 758 2621 eis,
783 2558 851 2606 nec
877 2558 1002 2606 eorum
1030 2538 1185 2630 pignora
1212 2532 1375 2630 capient,
1401 2557 1467 2607 nec
1494 2537 1601 2607 etiam
1627 2546 1727 2605 motu

263 2669 267 2682 ι
350 2635 504 2729 proprio
530 2644 656 2706 contra
680 2636 781 2728 ipsos
807 2638 1025 2728 procedent,
1059 2639 1285 2730 aliquatenus
1319 2637 1364 2706 ad
1393 2637 1604 2706 uindictam.
1656 2634 1727 2702 Sed
1803 2655 1812 2682 ⁶

351 2757 474 2808 coram
500 2735 605 2806 nobis
629 2737 708 2825 uel,
737 2741 778 2806 A·
796 2737 993 2829 (adolpho)
1022 2735 1163 2809 comite
1189 2738 1233 2808 de
1259 2737 1453 2808 Waldeclae
1479 2746 1604 2820 nostro
1617 2735 1726 2805 lusti·

351 2837 430 2906 ario
457 2835 714 2923 (lustitiario),
746 2839 851 2908 Aut.
878 2837 1074 2908 .Soulteto
1095 2837 1368 2945 Bopardicnsi.
1393 2839 1592 2924 .Sculteto
1619 2835 1731 2904 Fran-

350 2934 671 3006 kenuordensi..
708 2933 1088 3054 Oppenheimensi..
1123 2924 1464 3028 Hagenowensi..
1500 2938 1559 3005 uel
1587 2936 1730 3004 Colum·

350 3035 511 3106 bariensi
537 3035 722 3119 Sculteto‚
756 3058 838 3106 suas
864 3037 1014 3106 iniurias
1038 3046 1139 3106 recto
1164 3036 1299 3104 iudicio
1325 3046 1361 3106 et
1386 3057 1468 3152 per·
1485 3035 1613 3107 iustam
1649 3054 1730 3105 sen·

90 3134 100 3156 ⁸
217 3121 226 3168 ·’
351 3135 504 3206 tentiam
530 3141 808 3224 prosequentur.
859 3133 1031 3202 Ciuitates
1056 3135 1164 3204 etiam
1191 3146 1227 3204 ct
1252 3135 1429 3226 Oppida
1419 3135 1569 3204 iniurias
1596 3145 1679 3204 suas
1700 3133 1729 3202 si

354 3255 426 3325 que
451 3231 539 3322 ipsis
572 3233 672 3300 illate
698 3225 835 3300 suerint
859 3231 1115 3302 iustoiudicio
1147 3235 1243 3303 sicut
1269 3235 1486 3324 panniacum
1519 3243 1573 3304 est
1605 3253 1727 3302 corana

302 3411 308 3422 Ι
353 3331 461 3402 nobis
485 3333 546 3398 uel
571 3331 650 3400 aliis
677 3341 955 3424 prosequentur.
1004 3333 1056 3400 lta
1084 3333 1180 3428 quod
1206 3334 1506 3426 quilibetnobilis
1524 3343 1729 3426 strnoque·

354 3449 426 3524 que
461 3428 590 3499 ciuitas
624 3439 661 3500 et
694 3429 867 3524 oppidum
903 3447 1089 3504 recursum
1123 3434 1255 3503 habeat
1287 3433 1333 3504 ad
1356 3435 1520 3504 iudicem
1545 3455 1659 3504 unum
1685 3431 1729 3502 ds

353 3529 527 3624 predictis
551 3532 633 3621 plus
658 3529 728 3599 sibi
752 3527 912 3602 uicinum
938 3555 1007 3624 pro
1033 3533 1106 3604 suis
1126 3534 1268 3603 iniu‘riis
1289 3533 1563 3627 prosequendis.
1615 3533 1654 3603 si
1671 3553 1729 3603 au·

353 3640 429 3700 tem
455 3627 626 3698 Ciuitates
652 3638 688 3698 et
713 3631 849 3722 oppida
873 3642 1026 3724 propter
1050 3631 1306 3726 negligentiam
1323 3633 1542 3708 iudicisnon
1558 3640 1730 3724 poterunt

354 3727 528 3798 iudicium
555 3740 592 3798 et
616 3727 797 3800 iusticiam
823 3731 1001 3819 obtinere,
1027 3755 1073 3802 cx
1097 3743 1182 3802 tuno
1201 3734 1357 3818 nobiles,
1383 3743 1418 3803 et
1439 3733 1604 3804 ciuitates
1625 3747 1730 3824 prop·

354 3838 413 3897 ter
437 3824 729 3899 obseruationem
755 3831 853 3922 pacis
879 3831 997 3902 iurata
1023 3835 1109 3902 totis
1134 3833 1275 3902 uiribus
1301 3853 1427 3904 eorum
1454 3831 1615 3903 collectis
1649 3838 1729 3902 con·

353 3937 411 3996 tra
436 3926 570 3998 dictum
593 3924 843 4000 iniuriatorem
869 3932 1069 4024 procedent
1093 3933 1294 4019 hostiliter,
1319 3953 1387 4002 nec
1413 3953 1459 4002 ex
1484 3953 1528 4002 eo
1554 3953 1626 4022 pax
1650 3953 1727 4002 een-

351 4025 484 4099 sibitur
508 4029 748 4116 (censebitur)
774 4029 922 4104 uiolata.
986 4033 1023 4102 Si
1056 4055 1146 4106 nero
1174 4033 1338 4105 ciuitates
1362 4034 1423 4106 uel
1448 4032 1582 4129 oppida
1607 4033 1725 4125 aliqua
