3772 4722
608 374 614 385 ·
698 323 966 419 Authentice.
1121 343 1125 357 “
1239 383 1283 476 ‘—
1423 353 1566 444 243,

263 567 304 630 ds
329 557 561 628 Noorenberelr
586 549 676 630 stell
701 583 760 630 sno
791 585 850 649 pro
886 563 1066 652 preeporite
1098 567 1137 634 de
1162 569 1367 656 eystetten,
1404 579 1510 664 iprnnr

258 663 495 752 eutogrepbum
521 677 779 748 repraesentent,
816 667 870 730 vel
894 669 983 732 loeus
1009 667 1111 754 sigilli
1135 690 1209 734 eum
1233 686 1323 754 perte
1354 681 1512 746 membre·

262 785 325 829 nee
350 763 466 826 infime
489 765 634 830 succisus
658 777 724 842 ert,
748 765 804 830 vel
828 770 935 849 potius
961 767 1167 846 mundatum,
1206 775 1290 854 qnod
1314 775 1355 836 eb
1379 783 1510 846 exordio

256 863 368 954 rigillo
401 865 466 928 itm
501 865 620 943 cernit,
653 865 749 930 elteri
780 866 865 932 insto
890 870 1103 933 nocumento
1129 881 1225 954 rtpnr
1247 873 1358 966 sigillo
1383 883 1511 948 munito

259 964 425 1028 inclusum
452 972 510 1028 ert.

199 1117 232 1200 t)
259 1121 392 1194 Annus,
419 1135 485 1178 non
512 1137 699 1206 expressus,
725 1143 783 1206 per
807 1113 1017 1189 indictionenr
1044 1143 1239 1204 cessereeur,
1264 1137 1341 1191 tnnc
1358 1129 1507 1196 nsitntern
1548 1191 1558 1200 .

259 1229 291 1279 et
313 1235 371 1298 per
395 1216 518 1294 lorum,
556 1219 717 1311 eiritstem
745 1223 903 1285 nimirum
929 1228 1124 1313 Augustam,
1158 1225 1216 1291 nbi
1239 1226 1395 1300 solemnit
1419 1233 1509 1296 curin

256 1313 322 1378 tine
349 1315 495 1417 Octobris
523 1327 603 1388 125⁵
629 1320 739 1386 heliu
765 1331 829 1402 est,
855 1323 1125 1391 retietnticstnr.

192 1480 227 1568 e)
253 1468 426 1542 laeditun.

549 1993 556 2004 Ι
588 1823 1041 1952 uccxxxvlu.

422 2077 526 2146 ‚Anno
555 2081 646 2140 teet.
697 2029 814 2138 Mense
840 2071 969 2136 Octobr.
1019 2076 1192 2162 Augustae.

124 2265 373 2370 Fridericus
404 2265 456 2352 II.
487 2267 741 2376 imperator,
786 2265 1008 2352 ecclesiam
1044 2267 1089 2352 in
1124 2265 1357 2386 Kizingen,
1400 2301 1498 2366 curn

203 2385 394 2494 personis
422 2403 465 2472 et
493 2383 829 2498 possessionibus
862 2382 1083 2496 opnnibus,
1112 2385 1157 2472 in
1187 2389 1415 2502 specialem
1448 2399 1450 2402 ’

564 2501 873 2613 protectionem
901 2502 1063 2613 recipit.

122 2671 387 2814 Frliderieur]
415 2726 473 2799 dei
500 2723 619 2822 gretie
641 2731 889 2806 Romencrnm
915 2731 1118 2820 Imperator
1142 2750 1289 2822 semper
1323 2748 1497 2827 unguetur

124 2847 326 2919 Jerusalem
351 2857 388 2917 et
413 2843 536 2918 Sicilie
551 2847 642 2916 ilex.
693 2845 914 2937 Religionem
940 2845 1053 2914 uitem
1077 2846 1293 2917 habentibus
1309 2848 1499 2939 imperielr

123 2943 234 3015 debet
259 2946 383 3018 edesse
407 2947 607 3040 presidium
632 2968 679 3018 ne
705 2946 864 3016 cuiusuis
890 2945 1105 3014 temeritelis
1136 2945 1302 3016 incursus
1336 2957 1399 3018 eut
1432 2969 1498 3021 cot

120 3045 267 3114 ebeno
293 3047 480 3137 proposito
506 3055 654 3115 reuocet
679 3055 741 3114 eut
766 3046 804 3112 in
831 3046 884 3116 eis
900 3045 998 3138 quod
1014 3043 1119 3129 ebrit,
1145 3043 1260 3113 robur
1278 3057 1498 3120 renoteeon·

119 3147 343 3215 uersecionis
367 3145 551 3237 infringet.
604 3145 694 3214 Cum
722 3146 835 3234 igitur
861 3144 1011 3216 ecclesie
1036 3144 1074 3212 in
1099 3144 1280 3236 llizingen
1318 3145 1413 3217 sieut
1443 3146 1499 3222 in·

118 3244 325 3312 tellexiurus
350 3246 509 3339 epitetnr
532 3245 712 3335 pressuris
737 3244 996 3335 multiplicibus
1023 3241 1061 3311 et
1084 3241 1245 3313 elioersis
1277 3244 1497 3334 acumini·

116 3343 191 3414 bur
215 3342 377 3414 indebite
401 3345 642 3436 opprimetur.
668 3345 832 3414 uolentes
858 3345 891 3414 ei
918 3365 965 3414 ex
990 3353 1179 3412 eonsuete'
1196 3352 1322 3414 nostre
1352 3345 1499 3416 celsitu

117 3441 216 3512 ‹linir
243 3444 438 3513 clemencie
463 3443 669 3536 prouidere.
696 3443 887 3512 eeclesiam
912 3443 1028 3535 iprern
1053 3461 1096 3511 tc
1122 3440 1290 3512 dilectem
1313 3439 1424 3512 nobit
1454 3445 1494 3514 in

117 3543 256 3611 cbristo
280 3544 505 3613 ebbetissem.
531 3565 574 3612 eo
599 3554 739 3613 celeres
764 3541 926 3612 eiusdem
951 3540 1103 3612 ecclesie
1120 3561 1306 3631 personet.
1324 3561 1533 3613 curnem-³

114 3641 224 3711 nibus
252 3643 538 3734 possessionibus
563 3665 607 3714 ec
630 3642 746 3712 bonis.
773 3663 843 3732 que
878 3641 916 3710 in
947 3635 1213 3732 presentieruns
1245 3639 1340 3711 intle
1370 3649 1517 3712 tenenti
1647 3653 1654 3662 ·

18 3789 23 3798 -
115 3752 154 3808 et
178 3743 366 3833 possident
389 3753 452 3812 eut
475 3739 515 3813 in
538 3737 701 3812 sutorum
725 3741 821 3814 iusto
847 3741 1095 3833 requisitionis
1119 3741 1226 3812 titulo
1245 3739 1494 3830 poteruntne

114 3839 236 3930 ipisci.
261 3844 331 3911 rob
355 3852 479 3914 nostre
504 3852 541 3911 et
555 3841 701 3934 Imperii
717 3843 866 3932 speciali
891 3842 1095 3933 recepimus
1117 3840 1356 3932 protectione.
1392 3841 1496 3910 Men·

17 3957 22 3964 ’
113 3939 241 4012 dentes
269 3952 305 4012 et
323 3943 483 4030 firmiter
506 3943 761 4034 precipientes.
786 3953 964 4032 quetem
989 3941 1110 4010 nullus
1127 3941 1187 4013 eit.
1204 3937 1419 4032 quidiste»
1437 3958 1494 4009 ec

114 4042 262 4114 clerum
287 4053 349 4114 ent
373 4041 712 4136 perrenesibisbm
734 4040 888 4148 dunno
906 4042 1119 4116 ememus
1142 4040 1191 4112 in
1199 4037 1498 4175 {inspectionibus
