3870 4718
705 258 1040 406 mmm
1155 308 1159 320 ’
1470 329 1656 435 sp,
1788 366 1790 375 ·

13 575 14 580 ’
154 553 333 651 principis
363 550 481 620 nostri
507 547 688 623 chenredi
720 550 980 644 ratisponensis
1012 547 1176 644 episcopi
1211 551 1407 645 cumipse
1434 552 1528 648 epis'·

152 678 255 747 copo.
290 653 438 724 nomine
471 651 620 720 ecclesie
654 671 729 720 sue.
762 653 944 744 quoddam
971 655 1211 724 concanbium
1228 653 1456 729 ¹fecissemus.
1481 657 1527 729 ds

152 756 304 827 duobus.
323 752 583 846 priucipatibus
608 751 746 820 scilicet
772 752 816 821 de
840 747 1020 832 inferiori.
1049 764 1085 823 et
1102 753 1284 846 superiori
1300 757 1529 829 monasteriis

149 858 189 926 in
223 855 373 925 cinitste
400 851 667 943 Retisponensi
688 853 902 926 constitutis.
939 859 1007 946 prb
1033 855 1250 946 quibusdem
1276 855 1354 924 aliis
1379 855 1527 948 prediis.
1654 925 1659 938 ,

151 967 188 1028 et
219 951 511 1048 possessionibus
544 952 589 1022 sd
622 954 913 1043 prenominatum
939 954 1170 1046 Episcopum.
1206 965 1244 1028 et
1279 955 1528 1050 episcopatum

13 1111 15 1116 -
152 1077 258 1128 suum
283 1053 548 1146 pertinentibus
574 1051 749 1123 accedens
775 1053 821 1123 ad
846 1055 1209 1146 presenciam-regie.
1224 1056 1444 1127 excellencie
1460 1069 1526 1129 no‘·
1643 1080 1652 1094 ’

22 1188 24 1196 ¹
150 1167 226 1226 stre
251 1155 291 1224 in
316 1153 416 1224 curia
440 1153 631 1242 sollempni
655 1153 841 1245 Erbypoli.
868 1151 1015 1225 domina
1039 1155 1157 1224 Tuota
1187 1155 1373 1230 inferioris
1404 1179 1528 1226 monn-

151 1255 254 1327 sterii
277 1255 460 1346 abbatissa
485 1255 725 1344 perennaliter
750 1276 817 1323 nec
843 1277 918 1324 non
944 1254 1089 1326 domina
1103 1253 1302 1326 Gerdrudis
1323 1258 1527 1347 superioria

152 1355 362 1428 monesterii
388 1355 572 1426 obbatissa
595 1375 663 1444 per
689 1375 795 1424 suum
818 1365 1095 1444 procuratorem
1121 1376 1203 1428 cum
1229 1357 1349 1448 alique
1373 1359 1526 1427 bonests

151 1456 342 1550 utriusque
379 1455 526 1545 capituli
558 1465 673 1544 parte.
705 1475 826 1522 coram
854 1453 1090 1546 principibus.
1118 1466 1154 1526 st
1179 1455 1389 1526 baronibus.
1416 1468 1525 1551 atque
1641 1521 1645 1531 ,

148 1569 228 1646 tote
254 1557 353 1626 curia
378 1565 502 1625 nostra
527 1553 631 1645 grani
658 1555 884 1646 querimonia
909 1555 1108 1645 proposuit.
1134 1557 1422 1634 aeetecclesies
1443 1573 1537 1628 auae·

150 1657 313 1727 indebite
338 1679 360 1723 a
384 1655 489 1725 nobie
514 1654 595 1722 fore
620 1667 801 1745 grauatae.
828 1665 864 1724 et
890 1674 1001 1748 super
1023 1659 1094 1723 boc
1125 1655 1343 1724 adiutorium
1377 1666 1414 1724 et
1447 1677 1527 1728 een·

153 1757 301 1855 tentiam
318 1755 543 1847 principum
559 1757 800 1846 postularunt.
825 1765 1081 1847 proponentes.
1106 1754 1261 1824 firmiter
1274 1757 1414 1826 nullum
1430 1755 1528 1849 prin·
1657 1845 1660 1856 .

152 1855 311 1948 cipetum
345 1877 463 1946 posse.
499 1856 558 1922 uel
592 1854 735 1926 debere.
773 1855 1000 1926 commutari.
1027 1857 1086 1926 vel
1110 1850 1270 1925 alienari.
1299 1855 1347 1924 ab
1372 1857 1525 1950 inperio.

152 1960 212 2028 rel
237 1957 283 2026 ad
310 1957 421 2026 ulium
447 1955 648 2046 principem
665 1957 864 2028 transferri.
880 1955 958 2028 siue
976 1959 1174 2028 uoluntate.
1194 1955 1410 2048 presidentia
1431 1960 1528 2048 prin·
1597 2017 1602 2028 .

152 2059 242 2148 cipis
275 2053 372 2126 illius
403 2057 628 2150 principetur
654 2056 759 2126 etde
785 2059 895 2148 plano
922 2071 1100 2134 consensu
1125 2056 1285 2124 eiusdem
1310 2051 1527 2128 Ministeria·

150 2159 254 2226 lium.
306 2153 426 2254 Super
451 2177 526 2248 quc
551 2157 646 2226 iacta
671 2180 694 2226 a
717 2158 824 2228 nobis
848 2157 1093 2249 inquisitione.
1119 2152 1413 2249 presententinrn
1431 2159 1527 2250 prin-

143 2258 275 2348 cipum
301 2265 337 2324 et
362 2257 660 2338 subsecucionem
686 2267 760 2326 tam
785 2257 963 2328 nobilium
989 2279 1098 2351 quam
1123 2257 1321 2333 baronum..
1339 2260 1527 2350 atquemi·

152 2355 401 2427 nisterielium.
434 2366 473 2426 et
505 2358 669 2426 omnium
700 2357 762 2452 qui
788 2357 937 2428 aderaut
962 2357 1160 2430 iudicatum
1179 2365 1242 2432 ,eet
1266 2357 1405 2428 nullum
1431 2359 1528 2450 prin·

13 2455 61 2530 s
152 2458 311 2548 cipetum
337 2477 443 2548 posse
468 2459 527 2526 uel
553 2457 686 2526 debere
712 2459 857 2528 nomine
883 2458 1096 2530 concumbit.
1116 2458 1177 2527 uel
1192 2457 1449 2550 cuiuscumque
1466 2460 1527 2530 ali-
1603 2493 1606 2500 ·

150 2554 331 2628 enationis
356 2555 530 2626 edulium
556 2577 750 2646 personam
776 2557 979 2630 transferri.
1004 2557 1051 2628 ab
1076 2554 1228 2647 inperio.
1259 2559 1327 2650 nisi
1355 2557 1399 2627 de
1424 2581 1527 2630 mera

13 2713 15 2726 ,
150 2659 347 2727 uoluntate.
375 2666 413 2726 et
437 2667 586 2726 assensu
608 2657 786 2748 'principis
811 2657 1028 2748 presidentis
1055 2666 1093 2727 et
1116 2657 1407 2728 Ministerislium
1435 2661 1527 2730 eius·

151 2757 232 2826 dem
257 2756 490 2848 principatus·
543 2755 619 2825 Nos
641 2756 754 2847 igitur
779 2757 917 2826 iustitie
942 2767 1169 2847 protectores
1192 2757 1295 2829 nullo
1330 2760 1523 2830 conamine

13 2945 14 2950 ἵ
149 2857 220 2926 iuri
253 2855 366 2926 reniti
395 2858 558 2928 volentes
591 2855 807 2925 sententiam
844 2857 961 2946 ipsam
988 2856 1155 2925 duximus
1180 2855 1461 2945 approbandam.
1489 2868 1543 2932 et.

151 2955 249 3050 quod
275 2966 403 3026 contra
426 2965 643 3026 memoratas
669 2953 847 3030 ecclesiae.
873 2964 910 3025 et
935 2977 1059 3024 esrum
1085 2953 1269 3049 principes
1293 2973 1361 3044 pro
1387 2955 1525 3047 episco-

150 3079 209 3147 po.
236 3066 272 3126 et
297 3057 448 3126 ecclesie
473 3054 726 3155 Ratisponensi
751 3056 870 3124 minus
896 3053 1016 3124 debite
1041 3053 1253 3124 feceramus.
1289 3055 1437 3126 omnino
1471 3077 1526 3126 re·

150 3157 383 3227 tractauimus
409 3158 448 3224 in
474 3155 683 3226 continenti.
705 3163 874 3246 presente
901 3155 1072 3248 episcopo
1098 3157 1290 3246 prephato.
1341 3156 1387 3222 Et
1412 3178 1457 3224 ne
1478 3157 1523 3226 de

127 3266 275 3327 =cetero
300 3255 677 3349 similia-contingant.
702 3254 940 3348 decernimus.
968 3265 1005 3328 et
1029 3265 1208 3359 perpepua
1226 3249 1527 3328 firmitudineob·

13 3441 23 3448 ,
150 3354 368 3427 ceruendum
403 3355 614 3425 iudicemus.
652 3355 751 3447 quod
783 3377 857 3424 non
885 3355 995 3424 liceat
1020 3355 1084 3423 ulli
1110 3374 1359 3424 successorum
1385 3367 1527 3426 nostro·
1590 3365 1593 3378 ’

150 3477 233 3526 rum
257 3458 504 3539 Romanorum
529 3450 632 3545 Regi.
665 3477 731 3524 seu
764 3455 966 3546 inperatori
997 3453 1241 3546 principatum
1274 3453 1442 3550 aliquem.
1481 3465 1524 3528 ut

109 3577 114 3584 ·
151 3557 319 3648 superius
344 3556 597 3645 sententiatum
624 3565 679 3624 sat
704 3555 750 3624 ab
775 3553 918 3646 ibperio
944 3553 1067 3647 aliquo
1101 3554 1210 3638 modo
1244 3553 1413 3625 alienare.
1464 3557 1528 3626 Set

16 3687 21 3694 ·
152 3677 278 3727 omnes
303 3656 436 3752 inperii
461 3655 686 3748 principatus
710 3653 749 3723 in
771 3675 838 3724 suo
864 3655 955 3726 iure.
974 3657 1164 3725 ethonore
1180 3655 1300 3726 illesos
1315 3655 1524 3726 obseruare.

14 3803 15 3808 κ
151 3767 189 3826 rt
213 3757 336 3850 itaque
363 3756 493 3826 dilecte
518 3754 634 3824 fidelis
661 3763 784 3824 nostra
810 3753 1013 3824 Gertrudis.
1041 3763 1078 3823 et
1103 3774 1332 3824 successores
1360 3755 1437 3824 eius
1467 3756 1527 3825 ab·

13 3909 15 3930 2
149 3855 296 3926 batisse.
331 3877 400 3925 nec
432 3877 507 3926 non
531 3853 677 3946 Regalis
696 3855 865 3924 ecclesia
889 3850 1090 3946 superioris
1117 3854 1333 3924 monasterii
1346 3857 1425 3926 ,bac
1450 3875 1527 3926 seu·

13 3947 17 3970 ³
150 3953 265 4026 tentia
290 3955 483 4048 gaudeant.
512 3957 553 4024 ln
578 3963 694 4024 antea.
720 3962 757 4022 et
781 3955 988 4045 glorientur·
1010 3953 1050 4022 in
1073 3963 1291 4046 perpetuum
1317 3956 1389 4024 hoc
1415 3955 1525 4046 scrip·

152 4064 228 4125 tun
254 4055 306 4126 eis
331 4055 546 4125 lnclulsirnus
572 4055 691 4148 sigillo
716 4051 912 4126 maiestatis
937 4063 1060 4128 nostre
1080 4055 1304 4126 roboratum.
1339 4053 1453 4122 Huius
1469 4055 1525 4122 rei

191 4171 718 4246 'mansuetum-nussam
733 4177 867 4224 manue
1291 4159 1313 4224 'l
