3804 4718
682 338 948 470 Anthenticn·
988 442 991 453 .

699 719 939 831 ocum
1017 649 1038 724 ²
1153 717 1157 727 ’
1231 643 1262 756 ‘³

475 957 570 1018 Anno
598 961 694 1032 1220.
748 965 775 1018 t.
802 950 978 1034 septembr.
1028 947 1156 1014 Ulmee.

128 1145 356 1234 Heinricus
384 1141 508 1250 vlt,
555 1145 645 1233 dux
675 1145 856 1232 Sueviee
887 1146 1000 1234 etin
1028 1170 1177 1258 regem
1201 1139 1502 1252 Romanorum

131 1265 289 1350 electus
318 1281 454 1350 retem
483 1261 612 1349 hebet
641 1263 771 1378 petris
800 1264 867 1346 sui
894 1262 1103 1350 Friderici
1128 1262 1181 1347 11.
1212 1241 1499 1369 donationem,

127 1379 373 1498 Rappotoni
401 1368 555 1466 maiori
583 1380 828 1496 praeposito
859 1379 1023 1491 totique
1053 1377 1238 1494 capitulo
1265 1379 1501 1493 Augusteu-

259 1499 317 1586 sis
348 1497 575 1606 ecelesiae,
605 1494 994 1700 superfadvocutiis
1024 1495 1151 1584 villae
1178 1495 1375 1668 Aitingen

524 1649 529 1663 ·
762 1631 911 1714 actem.

126 1783 384 1930 Hseinricns)
411 1843 470 1914 dei
494 1839 611 1938 gretie
635 1840 709 1915 dux
733 1843 858 1915 sueuie
883 1843 957 1920 et
944 1867 982 1914 m
1007 1865 1133 1936 regern
1147 1843 1394 1916 Romenornm
1410 1846 1500 1917 elec·

125 1971 195 2030 tus.
248 1959 435 2030 Uniuersis
468 1959 614 2050 imperii
646 1959 813 2030 fidelibus
845 1969 919 2030 tem
953 1961 1183 2050 presentibus
1216 1981 1324 2052 quem
1358 1959 1501 2032 futuris.

127 2060 285 2152 gretiem
309 2081 411 2128 suem
438 2069 474 2128 et
491 2080 597 2128 omne
614 2061 762 2128 bonum.
784 2081 789 2093 ·
812 2059 945 2128 Diuine
960 2058 1262 2129 remunerationis
1278 2060 1411 2130 intuitu
1427 2083 1502 2130 non

128 2163 247 2231 solum
272 2159 448 2228 beneficie
473 2159 672 2228 liberaliter
697 2183 720 2227 e
744 2159 1041 2250 progenitoribus
1066 2160 1201 2229 nostris
1235 2160 1396 2228 ecclesiis
1429 2162 1502 2229 col·

125 2261 200 2328 lete
225 2259 427 2328 diminuere
453 2261 627 2328 nolentes.
649 2259 761 2330 immo
785 2260 830 2327 de
855 2259 1081 2330 liberalitatis
1105 2269 1231 2330 nostre
1259 2259 1504 2330 munificentie

127 2355 330 2429 dileteticni
353 2381 480 2428 cerum
505 2358 736 2450 disponentes
762 2359 918 2430 edicere.
944 2359 1172 2428 uniuersiteti
1197 2361 1318 2428 uestis
1340 2361 1514 2449 presenti*

126 2459 266 2551 scripto
293 2458 460 2528 duximus
486 2457 735 2528 intimandum.
760 2457 859 2576 quod
884 2479 953 2549 pro
978 2459 1091 2529 selute
1116 2468 1240 2529 nostre
1256 2467 1293 2528 et
1309 2470 1501 2550 parentum

125 2563 338 2629 nostrorum
364 2557 505 2628 dilectis
530 2558 697 2627 fidelibus
722 2559 856 2628 nostris
872 2561 976 2648 Repp
1003 2550 1242 2648 (Reppotoni)
1268 2559 1397 2628 meiori
1419 2582 1501 2652 pre-

126 2659 251 2750 positc
275 2658 417 2750 totique
444 2659 609 2748 Cepitulo
635 2659 870 2752 Augustensis
896 2659 1048 2728 ecclesie
1074 2657 1288 2726 eduocecies
1311 2661 1501 2752 utriusque

125 2760 210 2828 ville
245 2759 405 2850 eitingen
438 2759 505 2828 cub
541 2780 585 2827 eo
611 2758 689 2826 iure
722 2779 764 2826 ec
790 2781 832 2826 ee
858 2759 1032 2850 pensione
1061 2780 1133 2850 que
1158 2779 1217 2827 ees
1244 2757 1313 2848 ipsi
1340 2769 1376 2826 et
1400 2767 1500 2828 ente·

126 2879 288 2927 cessores
313 2879 441 2927 eorum
466 2857 513 2926 eb
538 2858 662 2926 inclite
688 2855 963 2926 recordetionis‘
976 2855 1266 2946 Regephilippc
1291 2866 1422 2945 petruo
1438 2875 1502 2924 nc·

125 2967 201 3027 stro
236 2967 272 3026 et
303 2955 533 3048 postmodum
564 2955 780 3025 imbuerunt.
809 2957 973 3024 bilsriter
998 2952 1229 3023 concedimus
1256 2963 1292 3021 et
1317 2955 1500 3026 bebendes

125 3058 351 3126 dimittimus.
376 3068 499 3127 retum
524 3068 560 3127 et
585 3057 730 3124 firmum
754 3056 915 3126 hebituri
939 3055 1075 3124 fectum
1102 3054 1216 3144 petris
1232 3054 1348 3124 nostri
1369 3057 1502 3151 glorio·

127 3159 257 3227 sissimi
283 3159 380 3248 regis
406 3160 650 3228 Romanorum
676 3179 822 3248 semper
846 3157 998 3246 Augusti
1024 3165 1059 3224 et
1084 3154 1195 3245 Regis
1212 3154 1342 3224 Sicilie.
1368 3157 1432 3248 qui
1453 3156 1500 3226 si·

124 3267 186 3326 cut
219 3258 426 3326 continetur
458 3257 497 3324 in
532 3257 646 3326 literis
681 3259 755 3327 cuis
782 3257 878 3326 dicto
905 3257 1073 3348 Cepitulo
1101 3276 1211 3345 super
1235 3258 1305 3324 boc
1336 3250 1497 3327 indultis.
1527 3272 1533 3284 ¹

124 3351 284 3448 prefetns
316 3355 528 3426 eduocecies
561 3355 742 3426 antedicto
777 3351 963 3448 preposito
993 3365 1031 3424 et
1056 3355 1205 3423 ecclesie
1231 3375 1296 3424 sue
1321 3357 1499 3426 concessit

124 3467 241 3526 entee.
270 3467 306 3524 et
332 3457 376 3525 de
409 3457 511 3548 regie
537 3456 733 3526 maiestatis
760 3458 877 3546 gretie
902 3454 1068 3546 permisit
1093 3453 1289 3524 bebendes.
1351 3457 1406 3524 Ne
1431 3455 1498 3546 igi·

126 3565 188 3623 tur
221 3557 448 3647 temporibus
482 3557 614 3626 nostris
649 3557 803 3646 gretiem
834 3578 943 3650 quem
976 3577 1087 3647 super
1118 3554 1315 3625 eduocetiis
1347 3554 1419 3625 illis
1445 3566 1501 3626 est

127 3666 322 3724 consecute
353 3657 504 3726 ecclesie
528 3656 766 3746 Augustensis
801 3677 1018 3750 quocunque
1054 3676 1139 3724 essu
1170 3657 1288 3722 uelest
1320 3655 1499 3724 emittere.

126 3755 338 3824 Mendemus
364 3759 431 3826 sub
457 3755 747 3824 interminatione
773 3756 890 3846 gretie
916 3769 1040 3825 nostre
1065 3755 1309 3847 precipientes
1326 3751 1499 3825 districte.

128 3865 169 3924 ut
192 3857 314 3924 nullus
340 3857 387 3924 sit
415 3857 477 3948 qui
503 3856 673 3944 deinceps
700 3871 846 3930 menum
873 3855 1102 3927 temereriem
1127 3855 1164 3922 in
1190 3851 1501 3944 preiudiciumec·

72 3973 87 3992 ·
128 3954 235 4024 clesie
261 3955 333 4025 iem
359 3957 454 4024 dicte
480 3955 524 4022 ed
549 3956 647 4046 ipses
671 3957 800 4024 eudent
825 3957 1021 4046 extendere
1043 3955 1265 4043 gd'ucceties.
1288 3955 1348 4022 uel
1374 3975 1412 4024 se
1447 3955 1501 4021 in·

128 4054 364 4124 tromittendo
389 4056 433 4122 de
457 4053 559 4144 ipsis.
586 4055 645 4122 uel
669 4055 757 4124 elles
775 4056 821 4122 in
848 4051 899 4126 eis
925 4055 1021 4128 dicto
1046 4054 1232 4148 preposito
1258 4063 1294 4121 et
1327 4073 1502 4124 concens-

80 4183 86 4190 '
174 4177 242 4226 Ιοι,
258 4177 325 4225 Bois.
345 4177 403 4227 vnt.
419 4179 484 4227 ΣΠ.
499 4191 542 4224 sen
561 4177 709 4224 eoncedente
723 4189 798 4224 neree
811 4179 856 4228 lll.
1244 4159 1291 4231 14
