3746 4720
691 321 965 500 Authentice„
1419 403 1508 524 309
1621 431 1625 436 ·
1755 435 1758 452 ·

349 629 353 636 ⁴
469 775 472 784 ,
581 701 1058 814 oucnxxxvu.
1120 681 1196 731 ’·’

171 873 233 924 ”v
329 941 422 1000 Anne
452 945 545 1007 1250.
601 949 628 1002 t.
654 934 745 1001 tutti.
796 935 832 996 in
860 934 970 1000 esuis
996 923 1080 1018 epud
1104 935 1304 1018 Boperdirm.

15 1167 17 1178 ’
147 1127 449 1216 Willehelmus
479 1157 571 1232 rer,
602 1129 677 1240 qui
701 1125 981 1216 Bertholdum
1001 1129 1293 1216 Petaviensem
1324 1130 1510 1220 electum

145 1245 193 1330 dc
223 1245 433 1360 regalibus
450 1245 706 1332 Pete'viensis
736 1246 994 1360 principatus
1026 1247 1251 1354 investivit,
1281 1251 1506 1334 sententies

15 1431 17 1458 ,
145 1363 354 1476 generales
384 1362 645 1477 principum,
676 1362 720 1446 in
748 1361 941 1451 favorem
972 1363 1062 1465 sius
1088 1363 1216 1467 letes,
1244 1366 1504 1474 promulgat:

15 1503 16 1512 ‘
143 1497 188 1562 ut
216 1482 356 1566 omnia
384 1477 524 1565 officie
552 1479 685 1592 ipsius
716 1477 768 1562 de
800 1480 895 1562 itire
924 1479 1113 1565 vacantia
1143 1505 1233 1588 pro·
1254 1482 1343 1564 cius
1374 1481 1507 1564 henc-

15 1593 16 1598 ‘
144 1595 287 1702 placito
319 1595 451 1706 possit
479 1595 720 1699 instituere,
762 1595 948 1703 exceptis
988 1615 1172 1708 quatuor
1204 1595 1506 1712 principalibus
1634 1617 1644 1644 ‘

146 1709 286 1798 officiis
319 1733 361 1798 et
389 1710 478 1798 eliis
508 1709 791 1796 haereditario
821 1711 914 1795 iure
944 1711 1173 1845 possessis3
1204 1713 1322 1828 quod
1349 1713 1507 1798 aliena·

144 1829 293 1934 tiones,
337 1829 473 1916 factae
503 1859 528 1916 e
557 1825 884 1937 praedecessore
908 1821 1031 1930 'erus,
1073 1830 1158 1914 iem
1188 1829 1380 1944 deposito
1412 1829 1507 1914 nu-

144 1943 320 2058 degero‚
361 1945 505 2030 irritae
546 1963 709 2048 essent,
754 1963 796 2029 et
826 1943 945 2055 quod
971 1949 1258 2058 possessiones
1290 1945 1506 2050 ecclesiae,

184 2081 350 2169 praeter
382 2062 576 2162 ordinem
603 2061 708 2144 iuris
739 2089 788 2160 ac
817 2059 1025 2169 ‚violenter
1055 2060 1295 2166 distractas,
1325 2061 1457 2170 possit

581 2197 626 2262 et
656 2173 808 2263 debeat
830 2167 1055 2262 'revocare
1136 2253 1140 2263 .
1376 2192 1380 2203 “

144 2349 428 2483 Witlehelmee
460 2411 517 2482 dei
552 2413 669 2505 gretie
694 2415 939 2486 Romanorum
965 2411 1045 2502 Rex
1069 2425 1113 2486 et
1144 2433 1290 2507 semper
1323 2421 1506 2504 unguetur.

144 2525 312 2596 minensis
340 2528 487 2617 Imperii
513 2527 679 2600 fidelibus
704 2533 795 2598 hene
818 2532 978 2600 litterern
1004 2533 1230 2620 inspectoris.
1275 2531 1434 2600 Gretiern
1452 2549 1517 2596 sur
1620 2537 1624 2548 '

146 2643 197 2692 em
221 2635 256 2694 et
281 2647 390 2694 omne
416 2625 562 2696 bonum.
613 2630 805 2720 Postquem
832 2627 1002 2700 dilectum
1018 2633 1226 2721 Principem
1247 2640 1422 2700 nostrum·
1467 2627 1508 2693 B·

144 2720 383 2794 Peteuiensem
408 2729 570 2796 Eiectum
595 2725 640 2796 de
658 2729 854 2816 Regelibus
879 2730 991 2817 ipsius
1008 2729 1233 2818 Principeiue
1258 2725 1508 2795 inoestiuimus

144 2827 348 2894 auctoritete
373 2827 476 2916 regin
501 2835 541 2893 ut
568 2835 743 2909 tenemur,
770 2826 908 2916 requiri
937 2847 1058 2896 eorem
1083 2827 1189 2896 nobis
1205 2827 1242 2893 in
1259 2825 1433 2894 sententie
1450 2844 1509 2918 ge·
1637 2843 1641 2848 ·

146 2925 249 2990 nereli
276 2937 388 3014 prout
413 2924 500 2992 iuris
527 2933 579 2992 est
606 2935 640 2992 et
667 2923 935 2993 consuetudinis
961 2926 1160 3015 postulauit
1185 2925 1214 2994 si
1241 2918 1360 2994 omnis
1392 2918 1508 2990 officie

145 3040 204 3090 eue
228 3025 388 3114 exceptis
414 3035 571 3116 quatuor
596 3023 857 3114 principnlibus
883 3025 1007 3094 officiis
1032 3025 1076 3092 de
1103 3025 1181 3094 iure
1208 3031 1379 3092 uecerent
1399 3031 1435 3090 et
1455 3014 1509 3088 fo·

15 3209 17 3218 λ
146 3132 219 3189 rent
242 3145 311 3214 pro
338 3143 403 3192 sue
430 3123 657 3214 beneplecito
684 3123 914 3194 instituende.
941 3123 1138 3194 dummodo
1164 3125 1233 3216 per‘
1255 3122 1417 3192 homines
1444 3121 1509 3188 Ec·
1639 3174 1644 3192 r

147 3220 245 3290 clesie
277 3245 343 3291 sue
378 3221 503 3291 eedem
538 3222 653 3292 officie
679 3233 902 3313 procureret.
930 3222 1027 3312 quod
1052 3225 1178 3316 utique
1198 3212 1269 3312 ¹per
1296 3219 1509 3292 sententiern

18 3346 23 3358 „
146 3320 343 3412 principum
371 3330 407 3388 et
431 3323 641 3412 Magnetum
658 3319 805 3412 Imperii
829 3322 1071 3396 ediudicetum
1098 3323 1132 3390 ei
1157 3321 1303 3391 exstitit.
1320 3331 1356 3390 et
1371 3320 1416 3387 eb
1436 3339 1510 3388 om·

146 3417 244 3490 nibus
269 3421 510 3512 epprobetom
537 3420 604 3489 nisi
629 3419 751 3490 sorren
777 3443 822 3488 ex
845 3421 992 3512 entiquo
1012 3421 1090 3489 iure
1106 3419 1326 3490 hereditorio
1343 3417 1508 3488 homines

146 3515 299 3589 Ecclesie
326 3521 446 3612 elique
473 3519 587 3588 officie
613 3519 865 3610 possedissent.
915 3519 968 3588 nd
987 3521 1052 3589 hec
1076 3519 1205 3609 petiuit
1222 3517 1359 3610 requiri
1375 3517 1411 3584 in
1432 3535 1511 3584 sen·

147 3618 251 3687 tertie
275 3620 502 3712 genereli.,si
529 3619 765 3710 predecessor
791 3640 876 3688 rous
904 3621 965 3712 qui
992 3621 1128 3690 multer
1154 3616 1228 3690 iem
1256 3633 1449 3710 perennes
1469 3614 1508 3682 in

148 3719 507 3788 excommunicatione
532 3717 675 3789 sorduit
700 3740 720 3786 e
745 3729 910 3822 tempore
937 3717 1218 3794 confirmetionis
1242 3738 1314 3786 sue.
1344 3734 1452 3805 quern
1487 3735 1510 3780 e

149 3811 287 3886 domine
314 3840 406 3909 pepe
433 3819 657 3889 sanctissimo
683 3828 782 3908 petre
809 3826 934 3887 nostro
961 3837 1002 3884 ec
1029 3817 1105 3886 eius
1131 3820 1267 3908 Legeto
1293 3813 1445 3910 domino
1467 3811 1505 3880 P.

15 3973 23 3982 .
148 3913 333 3986 Albenensi
357 3917 538 4008 Episcopo
567 3918 737 3986 senonice
764 3926 818 3986 est
842 3915 1007 4006 edeptus5
1029 3916 1167 4006 eliquee
1185 3913 1430 4004 possessiones
1444 3909 1510 3977 Ec·

152 4012 252 4084 clesie
286 4015 454 4086 uendere.
493 4017 667 4106 obtigere.
704 4027 765 4084 eut
790 4017 945 4084 elicuere
971 4011 1130 4104 potuerit
1154 4015 1192 4082 in
1216 4012 1376 4080 Ecclesie
1404 4007 1510 4076 detri-
1542 4037 1548 4044 ·

111 4117 115 4125 '
152 4123 302 4185 mentum
334 4139 377 4185 ec
411 4109 522 4211 ipsius
549 4117 660 4186 Electi
697 4114 937 4208 preiudicium
963 4126 999 4184 et
1025 4133 1232 4205 greuemen.
1258 4121 1294 4182 et
1318 4105 1511 4184 sententie·
