3804 4718
389 343 472 431 teo
520 270 523 288 Ι
781 273 1030 448 Diplomate'
1053 328 1369 446 Imperatorum

457 580 486 657 c)
513 573 647 638 Editum
670 573 707 632 in
734 566 828 632 Mon.
861 567 950 634 Boic.
976 573 1077 634 xxn.
1114 565 1335 641 206-'20e
1367 595 1456 636 num.
1490 585 1536 640 tr.
1572 595 1645 640 eum
1682 577 1765 642 notin

382 721 384 732 ,
513 671 752 764 geographicis,
778 669 939 734 hietnricie
963 683 1058 757 etque
1083 671 1299 753 diplomatieie
1324 671 1409 736 Plee.
1437 675 1557 740 Brenn.

454 831 487 911 d)
513 825 676 916 Quaedam
702 825 837 888 nomine
860 827 987 888 testium
1014 827 1105 888 nulle
1131 828 1236 890 littere
1270 840 1348 891 eunt
1381 827 1519 892 indicate
1556 851 1662 913 neque
1699 831 1764 896 illie
1818 823 1824 835 ⁵

422 919 429 946 '
514 929 652 1013 apetium
680 948 817 988 vernum
842 925 990 990 relictum
1019 939 1084 1004 est,
1106 925 1203 1010 'quod
1238 948 1337 1023 neque
1371 931 1406 994 in
1440 929 1512 996 eliis
1537 929 1765 1014 diplomatibus

515 1028 610 1093 huius
635 1027 787 1112 temporie
815 1023 1011 1089 observetur.
1728 1049 1731 1056 ¹

966 1350 1182 1459 DCCH.

658 1587 753 1646 Anno
786 1593 881 1648 1231.
935 1593 994 1647 22.
1021 1583 1195 1646 Novembr.
1246 1585 1331 1667 epud
1361 1586 1504 1652 Ulmem.

391 1771 617 1870 Heinricus
645 1777 742 1864 VII.
773 1803 852 1860 rex
891 1777 1092 1864 ecclesiae
1123 1779 1381 1895 Augustensi
1421 1785 1689 1899 recognoscit
1726 1803 1770 1871 et

393 1899 615 1986 confirmat
634 1893 905 1980 medietatem
925 1897 1217 2010 precariarum
1236 1929 1313 1984 seu
1334 1901 1626 2009 collectarum,
1659 1929 1766 2018 ques
1883 1995 1885 2000 ,

499 2045 578 2102 rex
607 2045 632 2101 a
662 2011 825 2098 civibtn
854 2013 1195 2130 Augustensibu'o
1227 2015 1398 2105 duxerit
1429 2019 1668 2137 exigendae.

187 2211 221 2262 ἰ
282 2235 288 2240 ’
360 2187 612 2324 xHeinricno
638 2251 812 2342 ceptimne
839 2248 961 2340 diuine
986 2250 1129 2321 iouente
1156 2250 1344 2322 clementie
1367 2251 1615 2319 Romenorum
1632 2252 1712 2320 Rex
1732 2262 1770 2324 et

369 2367 539 2458 ·eemper
564 2369 756 2456 Auguetne.
791 2364 978 2437 Vniuereie
1005 2369 1301 2459 inperpetuum.
1336 2369 1383 2434 Vt
1409 2367 1446 2434 in
1472 2363 1606 2436 noetrie
1632 2377 1772 2458 tempo·

378 2467 495 2558 xribue
523 2469 789 2557 recognitiones
814 2492 837 2537 e
862 2465 967 2536 nobis
994 2465 1098 2540 fecte.
1125 2468 1223 2536 fideii
1251 2479 1286 2537 et
1313 2467 1480 2558 prvdenti
1506 2468 1660 2536 coneilio
1685 2468 1771 2536 deii·

392 2569 529 2644 berete.
556 2579 655 2636 certe
681 2569 834 2660 quedem
852 2567 980 2637 notitie
1008 2577 1258 2657 propagentur
1276 2569 1313 2634 in
1329 2578 1507 2658 posteros.
1522 2591 1569 2636 ne
1595 2589 1771 2659 procreent

396 2669 570 2758 temporie
597 2689 665 2757 per
691 2679 854 2739 exortem
880 2662 1076 2738 obliuionie
1101 2668 1292 2758 caliginem
1318 2679 1545 2736 coercerent.
1565 2668 1771 2736 litterarum

295 2839 298 2848 ,
396 2769 651 2847 coneuerimue¹
663 2764 804 2837 indiciis
823 2767 997 2837 etterneri
1012 2769 1237 2851 (eeteroeri).
1270 2768 1478 2836 Meminerit
1494 2765 1606 2858 igitur
1618 2788 1771 2859 precene

269 2947 272 2962 Ι
394 2879 481 2940 etet.
510 2878 546 2938 et
570 2881 765 2959 cognoscet
792 2870 912 2938 future
939 2869 1141 2958 posteritee.
1169 2869 1268 2961 quod
1294 2891 1359 2937 noe
1386 2868 1682 2962 recognoecimne
1717 2889 1774 2938 ec·

279 3003 284 3022 =
394 2967 504 3042 cleeie
529 2973 748 3058 eugnetenei.
773 2970 1003 3041 medietetem
1029 2970 1276 3059 precerierum
1302 2990 1368 3038 ocu
1401 2970 1648 3038 collectarum.
1682 2989 1774 3060 quet
1854 3035 1862 3048 ,

394 3067 583 3141 eciuibun
608 3069 884 3162 euguotenoibus
911 3065 1081 3156 deinceps
1116 3070 1329 3141 duxerimus
1365 3068 1573 3156 exigendae.
1607 3070 1773 3139 volenter

393 3177 434 3241 nt
458 3168 609 3237 dilectus
635 3172 804 3260 princepe
830 3179 956 3237 noster
983 3168 1113 3236 Sibotn
1139 3168 1366 3259 engusteneie
1391 3170 1540 3239 ecclesie
1554 3165 1779 3260 Episcopus..

394 3280 431 3338 et
456 3264 610 3361 quilibet
634 3285 884 3340 successorum
911 3287 1061 3336 enorum
1095 3268 1134 3334 in
1165 3268 1247 3359 ipen
1273 3269 1505 3359 Episcopetn.
1539 3270 1772 3343 medietetem

393 3370 546 3460 recipiet
572 3369 649 3439 sine
675 3369 859 3438 meiicioee
885 3367 1138 3435 diminucione.
1189 3367 1389 3439 Stetuimue
1416 3369 1523 3436 etiem
1550 3377 1587 3435 et
1616 3368 1684 3438 eub
1718 3369 1772 3437 in·

395 3465 655 3541 terminecione
682 3469 797 3560 gretie
823 3477 946 3536 noetre
972 3463 1184 3534 inhibemus.
1213 3491 1258 3536 ne
1276 3468 1358 3560 quie
1377 3467 1772 3540 officietornmnoetro·

393 3594 476 3640 rum
501 3562 738 3640 memoratam
764 3568 954 3648 ecoleeiem
986 3569 1046 3636 uel
1070 3567 1290 3659 Episcopum
1322 3567 1399 3638 ciue
1432 3564 1604 3638 dilectum
1637 3563 1771 3661 princi·

393 3695 478 3764 pem
503 3679 680 3740 nostrum.
706 3669 757 3736 inx
768 3668 944 3758 premiere
971 3669 1226 3758 recognicione
1257 3667 1423 3758 inpedire
1448 3669 1578 3756 eudeet
1593 3691 1670 3758 *ceu
1693 3689 1769 3740 mo·

392 3775 536 3840 lettere.
564 3770 771 3862 quodcum
798 3769 842 3837 de
869 3765 948 3838 inre
974 3767 1020 3836 eit
1045 3769 1159 3860 ipsine
1186 3769 1336 3838 ecclesie
1362 3767 1553 3860 nobiscum
1583 3769 1769 3859 preceriee

392 3872 470 3942 eiue
496 3869 667 3937 ccllectee
692 3868 1025 3960 proporcioneliter
1049 3893 1070 3936 e
1096 3869 1281 3960 premiseie
1302 3869 1440 3939 ciuibus
1461 3871 1635 3959 recipere·
1651 3865 1769 3962 ipeem

392 3967 624 4042 medietetem
648 3967 717 4059 ipei
743 3969 894 4042 ecclesie
919 3979 956 4039 et
980 3969 1170 4060 Episcopie
1196 3968 1331 4045 ibidem
1353 3969 1769 4046 constitutiecontirme·

392 4089 484 4142 mue·
509 4075 549 4141 rt
573 4077 694 4144 eutem
719 4071 786 4142 hec
812 4071 1015 4164 recognitio
1042 4079 1080 4142 et
1111 4068 1336 4141 confirmetio
1369 4080 1569 4144 memorete
1602 4069 1765 4152 ecclesie.
