3848 4738
910 423 915 432 ,
933 323 1188 468 Anthentica

776 565 1261 754 CCCCXLIII.

370 809 581 914 Jphannes
626 809 876 919 pataviensis
926 809 1149 924 episcopus
1190 827 1441 926 perpetuam
1491 813 1666 896 missam
1711 815 1751 897 in

373 928 533 1042 capella
578 927 624 1013 B.
662 927 716 1012 V.
760 922 977 1012 Mariae
964 958 1008 1011 1n
1056 925 1197 1012 littore
1236 927 1448 1034 Viennae,
1500 958 1525 1014 a
1564 928 1754 1014 iohanne

372 1044 651 1132 Gueinhurtel
680 1041 926 1208 fundatam,
965 1042 1104 1130 eidem
1135 1041 1319 1158 capellae
1349 1045 1442 1133 unit
1479 1062 1522 1137 et
1558 1045 1751 1134 annectit.

790 1200 949 1329 Patavina
981 1260 1070 1334 1586.
1108 1273 1159 1333 28
1186 1264 1333 1353 Augutti.
1393 1301 1396 1310 ·

369 1389 408 1522 J
410 1455 566 1522 ohannes
593 1445 811 1550 deigracia.
838 1454 1037 1546 Episcopus
1063 1453 1294 1526 Patauienaie.
1320 1451 1374 1522 Ad
1400 1452 1559 1548 futuram
1592 1455 1644 1524 rei
1681 1477 1752 1524 nte·
1786 1501 1793 1508 -

367 1567 531 1656 merium.
569 1569 676 1637 Cordi
703 1566 815 1652 nobie¹
834 1581 889 1637 eet
915 1571 1051 1636 cultum
1077 1565 1239 1650 diuinum
1266 1567 1399 1648 nostrie
1439 1589 1512 1638 nen
1541 1567 1653 1636 minui
1690 1568 1754 1636 scd

368 1665 495 1756 augeri
513 1669 765 1758 temporibus,
792 1679 828 1738 et
852 1669 945 1742 cirea
973 1671 1107 1736 nultum
1134 1667 1287 1736 eundem
1321 1667 1526 1746 inorflinute
1559 1667 1753 1756 disposita,

367 1765 415 1834 ad
440 1760 770 1836 etatum'reducere
795 1767 1005 1850 meliorem,
1037 1770 1241 1858 Eupropter
1265 1779 1479 1857 perpetuam
1514 1769 1671 1838 miceam.
1705 1770 1754 1834 al·

365 1861 457 1930 tanis
483 1867 595 1932 tancti
622 1866 752 1936 andree
779 1867 838 1935 siti
864 1867 901 1933 in
927 1867 1099 1956 cappella
1123 1866 1227 1933 beate
1253 1867 1365 1935 marie
1391 1862 1541 1956 uirginis
1573 1866 1610 1934 in
1645 1866 1752 1936 litore

244 2031 250 2058 ι,
366 1963 519 2030 Wienne
554 1967 780 2051 collacinnie,
816 1975 854 2036 et
888 1963 1042 2034 dineeeie
1074 1975 1291 2034 nostrarum.
1330 1987 1405 2057 pet·¹
1428 1967 1523 2036 bone
1557 1965 1752 2049 memorie,

339 2079 340 2084 ’
366 2060 567 2132 iohannem
594 2065 728 2134 dictum
747 2065 992 2134 GuemhnrteL
1018 2065 1188 2150 dotatam,
1215 2063 1259 2132 ad
1284 2085 1435 2154 presens
1456 2075 1641 2137 vacantem
1669 2087 1752 2136 cum

313 2207 316 2218 ·
367 2159 536 2241 amnibus
562 2165 715 2234 iuribus.
742 2175 778 2233 et
803 2164 1038 2254 pertinenciis
1064 2167 1137 2234 auis
1163 2187 1208 2232 ex
1235 2164 1342 2233 certic
1376 2161 1501 2233 causis.
1537 2175 1572 2234 et
1604 2165 1752 2236 mutiuit

364 2261 670 2334 racionabilibue'
692 2265 852 2354 predicte
888 2265 1058 2356 Cnppelle
1100 2273 1271 2356 quantum
1309 2285 1400 2332 eum·
1429 2265 1497 2334 deo
1534 2274 1571 2334 et
1608 2259 1751 2332 iusticia

316 2392 318 2403 ·
365 2381 557 2450 possumus
583 2361 618 2431 in
646 2375 862 2454 perpetuum
897 2365 1120 2433 annectimus
1154 2374 1190 2431 et
1216 2363 1372 2434 unimus.
1405 2363 1457 2432 lta
1492 2363 1591 2456 quod
1617 2363 1751 2456 Recttu·

367 2461 528 2528 eiusdem
555 2463 737 2552 Coppelle.
764 2465 825 2554 qui
860 2485 928 2554 prn
965 2474 1132 2552 tenpore
1166 2461 1277 2531 fuerit
1312 2459 1473 2550 fructus,
1504 2462 1677 2535 redditus.
1715 2475 1751 2534 et

364 2570 576 2649 prouentus.
604 2563 648 2629 nd
675 2565 791 2651 ipsam
816 2573 1028 2655 perpetuam
1055 2563 1198 2631 mineum
1233 2571 1455 2650 spectantes,
1487 2561 1603 2640 libere
1635 2565 1751 2653 perci*

302 2737 312 2756 ,
366 2659 442 2746 piat
469 2669 503 2728 et
531 2661 659 2730 exinde
697 2662 847 2731 eandem
887 2665 1033 2738 missam
1068 2663 1105 2728 in
1138 2671 1243 2730 antea
1279 2659 1411 2731 denoto
1445 2661 1564 2732 studio
1595 2662 1752 2732 fideliter

300 2801 306 2810 ·
367 2757 542 2846 celebret,
578 2783 642 2832 seu
669 2763 867 2853 peculium
895 2763 1015 2832 debite
1042 2761 1217 2829 celebrari
1243 2759 1370 2844 faciat,
1407 2771 1443 2846 et
1468 2772 1658 2853 procuret,
1695 2787 1750 2830 eu-

364 2879 433 2946 per
465 2882 537 2950 qno
571 2863 684 2952 ipsine
719 2864 905 2949 Rectnris,
947 2863 1207 2932 conscienciam
1234 2881 1444 2950 oneramus,
1484 2863 1523 2928 in
1549 2863 1662 2937 cuiue
1695 2864 1748 2931 rei

366 2957 514 3027 euidens
540 2961 783 3056 testinnonium
816 2973 851 3031 et
877 2944 1129 3032 certitudineni
1168 2959 1370 3052 pleniorem
1403 2971 1593 3050 presentes
1625 2961 1749 3030 literae

364 3055 445 3122 fieri
472 3079 512 3124 ac
538 3059 646 3146 sigilli
674 3060 787 3130 nostri
812 3063 1035 3151 appensione
1060 3056 1211 3129 fecimus
1237 3053 1417 3145 roborari,
1443 3065 1573 3130 Datum
1590 3061 1745 3129 Patauie.

366 3151 425 3222 die
453 3156 619 3225 vicesima
646 3170 774 3229 octaua
799 3163 936 3230 Mensis
960 3161 1133 3255 Augusti,
1162 3163 1266 3229 Anno
1293 3157 1429 3234 domini
1453 3157 1647 3231 Milletimo
1674 3170 1744 3232 tre·

367 3255 582 3345 centesimo,
609 3256 864 3354 Octungeeimc
893 3261 1034 3334 Sexto..

1905 3125 1907 3284 i

1904 3289 1907 3396 t
