3804 4718
668 355 933 448 Audientioa.
1031 469 1041 478 .
1177 349 1185 358 ’
1404 376 1489 483 119

114 623 195 674 mus
228 593 418 693 hospitalis
435 605 572 678 sancte
597 577 712 670 Maiie
744 595 1033 670 theotonicorum
1054 562 1105 668 ¹in
1130 601 1330 670 Jerusalem
1364 621 1488 674 coram

114 709 241 774 nostra
264 699 446 794 presentia
473 699 686 769 constitutus
713 700 870 770 ostendit
894 699 1002 770 uobis
1034 699 1214 794 quoddam
1251 700 1486 794 priuilegium

114 821 329 874 concessum
353 825 375 870 a
402 797 507 870 nobis
533 799 648 868 eidem
676 799 799 869 domui
822 801 993 891 hospitali
1020 799 1154 870 dudum
1180 810 1262 870 ante
1279 813 1485 894 susceptum

111 901 260 995 Imperij
289 899 452 970 diadema
479 911 516 970 et
541 899 715 980 maiestati
742 909 864 969 nostre
889 901 1066 969 attencins
1093 900 1317 992 supplicauit.
1342 913 1385 971 ut
1417 905 1487 994 pri·
1604 909 1610 934 ¹

80 999 287 1092 'uilegium
320 1001 438 1094 ipsum
473 1020 569 1069 nunc
600 1001 638 1067 io
671 1001 788 1069 nostri
819 1001 1043 1070 sublimitate
1068 1000 1214 1094 imperij
1247 1001 1424 1072 innouare
1449 1013 1487 1074 et

111 1103 329 1172 confirmare
356 1101 400 1170 de
426 1111 550 1169 nostra
575 1099 691 1190 gratia
716 1100 1088 1192 dignaremur.,cuius
1114 1091 1298 1192 priuilegij
1314 1111 1484 1172 tenorta·
1588 1141 1596 1154 ·

110 1204 158 1274 lie
185 1211 247 1272 est.
297 1200 503 1270 Friderious
530 1199 586 1287 dej
613 1201 730 1290 gratia
754 1203 1000 1270 Romanorum
1027 1201 1107 1270 Rex
1134 1221 1278 1294 semper
1302 1203 1485 1292 Augustus

112 1314 149 1372 et
173 1304 255 1372 Rex
281 1299 404 1370 Sicilie
430 1310 497 1368 ete.
525 1307 715 1390 (utsupra
740 1301 828 1369 ltro.
856 1298 940 1377 024·
967 1321 1012 1368 ex
1037 1299 1218 1392 originali,
1243 1301 1402 1391 exceptio
1422 1299 1485 1370 mi·

110 1403 210 1472 nutis
238 1400 500 1482 varietatibus).
550 1399 627 1467 Nos
652 1409 771 1467 autem
797 1397 1121 1488 supplicationibus
1147 1399 1300 1490 predictj
1320 1401 1483 1490 magistri

109 1500 306 1593 benignjus
331 1498 502 1589 inclinatj.
528 1497 742 1589 diligencius
766 1499 988 1568 attendentes
1013 1499 1239 1570 honestatem
1266 1509 1303 1568 et
1339 1497 1484 1596 relegrb·

107 1623 198 1673 nem
222 1597 444 1671 laudabilem
470 1597 548 1687 ejus
575 1606 611 1666 et
636 1597 788 1666 fratrum
815 1616 963 1666 suorum
989 1619 1130 1666 necnon
1154 1607 1257 1690 grata
1283 1608 1318 1668 et
1338 1611 1484 1691 accepta

108 1701 266 1773 seruicia
293 1721 364 1792 qtae
390 1699 498 1768 nobis
522 1719 666 1789 semper
691 1697 933 1767 exhibuerunt
959 1706 995 1766 et
1019 1697 1192 1768 exhibere
1218 1719 1289 1768 non
1317 1699 1486 1770 desinunt

108 1804 346 1872 incessanter.
381 1797 582 1890 predictum
616 1797 849 1889 priuilegium
882 1795 928 1866 de
961 1798 1187 1890 benignitate
1223 1800 1328 1869 solita
1354 1799 1483 1871 confir·

108 1911 262 1972 mantes.
288 1901 405 1988 ipsum
433 1898 477 1968 de
502 1897 618 1966 uerbo
644 1896 690 1965 ad
716 1897 869 1966 uerbum
895 1897 987 1966 sicut
1018 1897 1186 1994 superius
1220 1898 1394 1989 scriptum
1429 1898 1484 1968 eet

107 2002 280 2072 iussimus
304 1996 483 2086 innouarj.
545 1997 755 2066 Mandantes
782 2006 818 2065 et
844 1995 1022 2088 presentis
1054 1997 1236 2088 priuilegij
1270 1995 1483 2068 auctoritate

108 2101 264 2172 firmiter
290 2099 529 2188 iniungentes.
555 2106 596 2164 ut
621 2097 717 2166 nulla
742 2097 890 2164 omnino
916 2118 1071 2188 persona
1098 2119 1209 2188 parua
1241 2100 1300 2170 uel
1324 2097 1481 2184 humilis,

106 2198 353 2272 ecclesiastica
378 2199 437 2266 uel
463 2195 643 2264 secularis.
671 2196 816 2264 domum
842 2197 1030 2287 hospitalis
1057 2194 1209 2284 predictj
1237 2205 1362 2265 contra
1388 2199 1481 2266 hanc

106 2299 419 2372 confirmationem
446 2304 605 2366 nestram
632 2305 668 2363 et
694 2307 858 2365 tenorem
884 2295 1067 2384 priuilegij
1095 2295 1287 2386 supradictj
1324 2295 1367 2364 de
1400 2319 1482 2385 pre·

105 2403 184 2472 sato
211 2396 379 2489 hospitali
405 2395 499 2486 apud
525 2395 695 2486 Cillingin
722 2397 931 2486 (Ellingin),
961 2417 1049 2464 ausu
1084 2397 1279 2464 temerario
1313 2396 1479 2486 inpedire

107 2524 172 2570 seu
201 2502 390 2568 molestare
418 2504 608 2586 presumat.
666 2495 770 2589 Quod
804 2496 866 2586 qui
900 2495 1160 2585 presumpserit
1185 2495 1222 2562 in
1249 2517 1311 2563 sue
1340 2495 1481 2564 temeri·

109 2600 193 2671 tatia
227 2595 424 2666 uindictam
459 2593 744 2683 indignationem
779 2605 936 2664 nostram
973 2605 1008 2664 et
1041 2616 1169 2684 penam
1197 2595 1348 2664 Centum
1374 2595 1479 2664 libra·

107 2723 188 2768 rum
217 2698 303 2785 Aurj
338 2719 375 2765 se
409 2695 552 2764 nouerit
585 2695 824 2764 incursurum.
858 2694 1086 2762 medietatem
1113 2696 1262 2762 Camere
1295 2704 1417 2763 nostre
1443 2705 1480 2763 et

105 2803 258 2870 alteram
286 2796 512 2864 medietatem
539 2794 701 2884 predicto
726 2791 894 2880 hospitalj
929 2813 1036 2882 passo
1074 2791 1243 2860 iniuriam
1269 2793 1478 2881 persoluen-

106 2901 201 2969 dam.
258 2897 312 2966 Ad
336 2894 442 2982 hujus
468 2903 587 2962 autem
614 2890 895 2962 confirmationis
922 2902 957 2958 et
982 2893 1225 2960 innouationis
1251 2899 1373 2960 nostre
1407 2913 1479 2960 me·

1 3077 2 3082 ,
107 2999 263 3070 moriam
298 3003 334 3065 et
368 3005 580 3085 perpetuam
609 2991 827 3059 firmitatem.
861 3011 1009 3080 presens
1042 2989 1274 3079 priuilegium
1306 2989 1415 3057 scribi
1442 2999 1479 3059 et

106 3100 235 3189 Sigillo
262 3094 456 3166 maiestatis
490 3103 612 3160 nostre
648 3091 816 3160 iussimus
851 3088 1075 3178 communiri.
1135 3088 1250 3178 Hujus
1283 3087 1336 3178 rej
1371 3097 1479 3160 testes

108 3208 203 3266 sunt.
255 3193 434 3263 Berardus
468 3189 739 3282 panormitanus
773 3200 810 3258 et
833 3191 1002 3262 Nicolaue
1027 3189 1243 3257 Tarentinus
1278 3189 1478 3280 Archiepis·

103 3297 201 3388 pupi.
255 3292 467 3362 cuonradus
491 3291 700 3359 Triastinua.
750 3290 908 3360 Jacobua
934 3289 1106 3380 pattensia
1140 3300 1176 3355 et
1201 3289 1477 3359 Bartholemeus

107 3393 343 3466 Siracusanue
377 3389 555 3481 Episcopi.
618 3391 800 3466 lohannes
834 3389 952 3456 Abbas
992 3386 1199 3476 Casamarij.
1270 3388 1478 3480 Raynaldus

108 3501 187 3566 Dux
216 3492 365 3583 Spoletj.
414 3485 632 3560 Evirhardus
659 3487 800 3580 dapifer
825 3487 868 3556 de
885 3488 1064 3578 Walpurc.
1091 3486 1200 3575 etalij
1220 3489 1478 3580 quamplures.

109 3650 286 3763 Signum
316 3641 477 3730 domini
496 3639 702 3727 Friderici
732 3635 907 3724 secundi
935 3637 1003 3723 dei
1024 3638 1163 3753 gracia
1179 3639 1476 3725 Romanorum

109 3763 382 3878 desperatoris
422 3783 592 3870 semper
627 3757 822 3958 Auguspli·
845 3753 1244 3872 (Menogramma)
1284 3775 1326 3841 et
1365 3755 1477 3867 regis
1543 3753 1548 3760 ’
1604 3866 1627 3888 κ

720 3903 778 3958 sse
811 3902 863 3957 re.
1418 3914 1423 3924 ·

205 4083 296 4148 Acta
329 4086 411 4144 sunt
443 4077 509 4142 hee
535 4069 641 4142 Anno
677 4069 856 4142 dominice
882 4067 1150 4139 incarnationis.
1187 4066 1390 4138 Millesime.
1417 4067 1478 4138 du·
1609 4075 1614 4082 ’
