3830 4734
776 387 794 401 ··
901 333 1155 469 elutlreniipa

340 833 583 922 Bonifseius
615 863 723 966 papa
753 833 829 917 lX.
839 831 1147 947 parochialem
1187 831 1461 918 ecclesiam
1449 864 1492 916 m
1522 806 1724 952 flecken-

340 953 398 1040 tel
433 951 488 1037 sd
522 951 761 1036 instantiam
794 951 969 1063 Georgii
1010 951 1197 1066 episcopi
1231 979 1404 1035 mensae
1446 953 1540 1064 ejus
1580 952 1724 1036 incor-

965 1087 1100 1181 porat.
1631 1099 1638 1114 ·

761 1331 764 1336 -
795 1291 927 1364 Romae.
959 1299 1049 1370 teon.
1084 1299 1150 1376 sto.
1175 1284 1269 1348 tels.
1376 1351 1379 1356 ,
1427 1345 1431 1354 .

245 1469 250 1478 ’
344 1417 603 1570 Bonisucius
627 1473 832 1568 episcopus
861 1497 991 1550 seruus
1022 1490 1216 1543 seruorum
1250 1473 1307 1540 dei
1334 1470 1396 1538 nid
1429 1481 1640 1561 perpetuam
1673 1472 1726 1540 rei

342 1591 569 1658 memoriam.
585 1589 736 1658 Romani
754 1589 935 1658 Pontificis
959 1588 1189 1678 prouidentia
1200 1577 1465 1675 circumspecta
1481 1588 1576 1654 cirea
1595 1594 1726 1652 statum

345 1691 569 1780 prelatorum
606 1689 798 1778 presertim
833 1688 1030 1778 pontificali
1054 1687 1237 1777 ‘dignitate
1273 1688 1497 1776 proditorum
1533 1684 1728 1755 salubriter

344 1787 574 1876 dirigendum
598 1786 808 1874 'diligenter
842 1786 1016 1876 prospicit
1051 1799 1087 1856 et
1124 1785 1289 1856 intendit¹
1309 1789 1530 1876 prelatorum
1565 1784 1727 1871 ipsorum

349 1887 600 1975 oppressiones
626 1896 662 1951 et
681 1885 897 1973 'grassamina
922 1887 1129 1969 serenando,
1154 1897 1190 1953 et
1217 1909 1287 1976 que
1314 1887 1363 1954 ad
1383 1887 1546 1975 ipamum
1569 1903 1729 1958 commo·

347 1984 496 2060 ditatum
523 1983 837 2070 cetere-ualeant,
880 1996 989 2072 prout
1014 2007 1136 2054 rerum
1171 1987 1342 2076 qualitate
1376 1995 1525 2073 pensata
1557 1983 1727 2071 expedire

348 2084 562 2174 cognouerit
603 2084 654 2150 eis
692 2085 891 2150 liberaliter
930 2083 1171 2153 concedendo.
1208 2085 1376 2152 Exhibita
1411 2083 1588 2174 siquidem
1623 2081 1727 2148 nobit

270 2176 273 2180 ’
344 2203 464 2273 nuper
489 2205 556 2272 pro
583 2193 684 2270 parte
710 2183 937 2256 ,Venerabilis
963 2185 1084 2251 fratris
1112 2185 1226 2251 nostri
1257 2179 1424 2276 Georgy
1449 2179 1642 2272 Episcopi
1667 2180 1729 2248 Pa·

346 2282 517 2352 tauieneis
543 2282 769 2370 septimber,
799 2283 898 2374 quod
923 2285 1048 2352 Mensa
1069 2305 1136 2351 sua
1161 2283 1384 2372 Episcopalie
1411 2278 1632 2356 Patanieneis
1658 2289 1729 2346 tam

284 2373 287 2380 ’
345 2392 499 2473 propter
523 2379 781 2472 grauissimus
804 2389 976 2474 guerras
998 2405 1070 2474 que
1097 2381 1133 2450 in
1160 2383 1323 2471 partibus
1359 2383 1430 2450 iltis
1464 2381 1597 2448 diutins
1630 2381 1729 2466 uigu-

348 2491 483 2564 erum„
500 2503 608 2571 Qum
636 2482 741 2551 etiam
768 2483 850 2548 alia
873 2483 976 2552 uaria
1008 2482 1316 2552 inconuenientis,
1332 2480 1484 2549 diuersis
1524 2477 1738 2546 debitorum.

349 2578 783 2670 oneribus'prsgrauatat,
810 2581 947 2675 existit.v
966 2583 1086 2676 Quare
1113 2603 1180 2669 pro
1209 2592 1309 2670 parte
1336 2581 1446 2670 ipsius
1472 2577 1640 2667 Episcopi
1667 2599 1728 2646 uo·

347 2679 404 2748 his
430 2679 499 2748 fuit
525 2681 708 2748 humiliter
746 2680 984 2768 supplicatum
1018 2691 1059 2748 ut
1094 2681 1355 2770 parrumialem
1389 2676 1577 2747 ecelesiam
1617 2676 1727 2756 sancti

347 2755 527 2848 Andree
517 2804 553 2846 m
574 2775 793 2847 Hacltedtul
816 2779 1034 2847 Patauiensis
1058 2779 1213 2847 diocesis
1239 2781 1281 2846 ad
1310 2781 1535 2846 collationem
1557 2773 1727 2866 Episcopi

348 2879 571 2947 Patauiensis
595 2888 855 2971 protempore
852 2880 1040 2950 existentia
1067 2881 1325 2971 pertinentem,
1357 2875 1393 2944 in
1418 2879 1624 2943 releuameo
1647 2897 1727 2944 one·

348 2999 430 3046 rum
457 2976 619 3066 predicte
657 2996 779 3044 mense
814 2974 1116 3064 incumbentium,
1153 2978 1270 3044 eidem
1304 2997 1425 3046 mense
1460 2970 1725 3069 imperpetuum

348 3072 453 3146 unire
478 3085 671 3144 annectere
687 3086 735 3143 et
761 3076 995 3165 incorporare
1022 3078 1066 3145 de
1091 3079 1313 3166 benignitate
1348 3076 1544 3167 apostolica
1569 3077 1726 3164 dignare·

350 3197 444 3242 mur.
482 3176 557 3242 Nos
591 3173 704 3264 igitur
736 3175 940 3246 huiuamodi
973 3176 1297 3266 supplicationibus
1329 3177 1509 3261 inclinati,
1543 3175 1725 3246 eceteatnn

351 3271 529 3362 prolatent
574 3276 674 3342 cuiue
714 3274 852 3344 fructus
885 3276 1055 3344 redditus
1095 3288 1132 3345 et
1177 3285 1374 3366 prouentus
1413 3273 1727 3366 'trigintaduorum

223 3443 227 3450 ,
349 3373 578 3442 Mar-charum
605 3374 746 3462 argenti
773 3373 969 3442 secundum
995 3397 1221 3444 communem
1256 3376 1525 3444 extimationem
1552 3375 1729 3454 (aestima-

350 3468 503 3553 tionem)
520 3472 684 3540 ualerem
710 3491 867 3563 annuum
894 3485 934 3542 at
959 3477 1133 3548 asseritur
1159 3497 1232 3542 non
1256 3475 1442 3558 excedunt,
1470 3475 1574 3540 etiam
1603 3473 1633 3542 si
1659 3471 1727 3541 dis·

350 3571 522 3662 positioni
556 3572 749 3660 apostolica
784 3559 1003 3662 generaliter
1035 3577 1094 3642 uel
1128 3575 1354 3672 specialiter
1364 3583 1550 3666 reseruata
1583 3572 1727 3657 existat,

352 3691 435 3740 cum
462 3671 629 3740 omnibus
652 3671 792 3742 iuribus
815 3684 854 3742 et
880 3675 1117 3765 pertineneys
1137 3675 1232 3758 suia,
1271 3694 1394 3742 mense
1429 3672 1591 3762 predicte
1630 3671 1727 3742 cuiue

352 3771 537 3840 fruetuum
564 3770 769 3840 reddituum
795 3784 832 3840 et
856 3783 1098 3864 prouentuum
1117 3773 1320 3843 secundum
1352 3773 1553 3861 predictam
1586 3772 1727 3841 extima·

353 3871 488 3938 tionem
515 3872 677 3940 ualerem
703 3893 859 3940 annuum
886 3873 1111 3961 presentibus
1128 3873 1253 3940 haberi
1280 3874 1446 3942 nolumus
1462 3893 1531 3962 pro
1550 3890 1727 3962 expresso,

352 3969 392 4035 in
419 3969 624 4037 releuemen
660 3992 812 4040 onerum
846 3969 1090 4059 predictorum
1120 3973 1332 4042 auctoritate
1365 3973 1566 4063 apostoliea
1603 3973 1728 4061 imper·

356 4079 508 4158 petuam
533 4068 678 4140 unimus
703 4068 925 4142 annectimus
951 4081 989 4140 et
1021 4070 1307 4165 incorporamus.
1343 4073 1421 4142 Ι...
1454 4070 1552 4165 quod
1584 4069 1727 4141 cedente
