3870 4718
672 325 948 476 authentica.
1175 283 1185 298 ⁸
1270 385 1274 392 -
1445 339 1507 446 59

198 579 235 656 a)
262 567 414 659 sigillum
438 563 570 648 aliquod
593 565 753 666 appendet
766 575 987 654 1111111111
1007 562 1261 633 mambranaceo.
1311 571 1407 634 Facu
1422 587 1507 636 cour·

261 671 428 753 paratione
451 665 634 754 sigillorum
659 665 731 735 aliis
756 664 981 734 instaurantis
1006 665 1111 732 adhuc
1136 667 1372 750 appaniorum,
1396 671 1506 756 ‹lopra-

259 773 399 838 hcnaam
426 779 490 844 cat,
516 767 599 834 illud
623 768 766 850 primurn
790 767 939 857 sigillum
965 765 1120 832 Fridarioi
1144 768 1186 834 ll.
1212 767 1350 835 minoris
1381 771 1506 838 moduli
1609 847 1615 856 ¹

260 871 461 954 minorisque
485 867 663 956 elegantias
687 855 850 936 maiatum
876 887 948 934 cass
973 867 1010 934 in
1034 866 1101 948 inp
1125 866 1205 932 anni
1232 881 1316 939 1211
1342 865 1506 938 cutinitio

261 973 342 1036 anai
370 965 465 1038 1216.
1419 967 1421 972 ’

201 1156 236 1240 b)
263 1155 355 1222 Caret
384 1149 471 1216 istud
501 1149 754 1216 instrumentum
789 1149 943 1216 omnibus
976 1151 1062 1214 notis
1088 1150 1332 1238 chronologicis.
1382 1152 1508 1218 Nichil-

260 1256 390 1320 ominus
413 1249 523 1334 ipsum
548 1248 696 1336 sigillum
718 1269 793 1315 mox
814 1250 1249 1333 descriptumintoraanuur
1268 1262 1404 1320 121111
1426 1264 1506 1320 teas

257 1355 341 1418 illud
368 1350 591 1416 collocandum
618 1369 686 1414 essa
711 1349 914 1416 domonstrat.
966 1351 1095 1414 Nomen
1127 1350 1306 1435 praepositi
1335 1353 1507 1416 inventam

262 1467 311 1520 cat
335 1455 370 1520 in
394 1451 477 1516 libro
504 1471 571 1530 cop.
598 1447 807 1516 Wachtorsw.
834 1447 859 1515 f.
886 1459 926 1516 25
953 1461 985 1514 st
1010 1447 1063 1514 26.
1089 1451 1129 1514 od
1145 1471 1208 1518 an.
1230 1463 1322 1530 1221,
1350 1471 1506 1536 quamse-

259 1565 355 1620 cusas
382 1564 428 1618 111
449 1549 653 1616 Wernhsrua
678 1569 788 1632 praep.
817 1560 912 1634 1229.
937 1549 1004 1614 ibd.
1029 1547 1086 1614 tot.
1113 1561 1167 1616 22.

208 1745 236 1820 c)
261 1734 431 1816 testitum.

679 2047 975 2156 DCXVIII.

249 2290 344 2350 Anno
375 2279 459 2348 1216
488 2279 601 2358 nobis,
627 2281 769 2364 antiquis
798 2291 891 2348 1215.
919 2293 969 2348 30.
997 2278 1146 2348 ianuarii
1170 2283 1395 2371 Hagenowiae.

141 2463 384 2551 Fridericus
417 2461 482 2548 ΙΙ.Ι
500 2491 578 2546 rex
609 2461 756 2554 domui
785 2459 971 2550 fratrum
997 2461 1338 2552 Teutonicorum
1368 2465 1510 2584 capel·
1575 2449 1580 2459 ’
1652 2459 1655 2468 ’

143 2583 226 2669 lam
264 2583 388 2666 castri
426 2581 471 2664 in
500 2579 827 2665 Nvoremherch
867 2579 1022 2686 donat,
1067 2610 1179 2694 quae
1216 2600 1315 2698 post
1344 2580 1510 2668 obitum

218 2695 437 2788 Chunradi
464 2717 565 2784 tunc
596 2699 799 2812 capellani
830 2697 1012 2802 ibidem,
1042 2697 1098 2784 ad
1126 2727 1230 2784 usus
1262 2727 1437 2786 eorum·

495 2814 595 2904 dem
624 2815 667 2900 in
699 2813 896 2904 cornibus
925 2815 1146 2928 pertineat.

141 3005 376 3132 Fridericus.
404 3057 588 3128 Secundus
615 3057 735 3129 diuina
759 3059 1142 3129 fauents.Glemeatia.
1169 3059 1415 3128 Romanorum
1432 3057 1532 3128 ltex-
1631 3059 1637 3072 ’

144 3188 181 3245 11
205 3198 346 3266 semper
372 3179 562 3266 Augustus.
590 3185 625 3244 et
650 3177 729 3246 Rex
754 3176 907 3245 Siciliae.
968 3178 1025 3246 Ex
1048 3177 1227 3246 affluentia
1251 3175 1351 3266 regie
1377 3173 1510 3242 libera·

140 3273 259 3345 litatio.
295 3271 545 3346 uniuersorum
580 3277 814 3366 ecclesiarum
847 3277 1062 3346 utilitatibus
1087 3286 1196 3370 atque
1223 3274 1511 3370 promotionibus

141 3375 355 3446 omnimodis
390 3376 627 3446 intendentes
660 3376 704 3444 ad
732 3398 860 3446 eorum
886 3377 1040 3470 amplius
1066 3385 1175 3466 atque
1201 3375 1391 3470 specialius
1416 3375 1512 3443 loco·
1640 3399 1645 3409 ’

139 3499 221 3546 rum
246 3487 461 3566 prouectum
488 3487 524 3543 et
549 3475 838 3546 sublimationem
865 3475 1068 3544 serenitatis
1087 3485 1212 3544 nostre
1228 3474 1389 3546 animum
1408 3475 1512 3542 accli-

138 3599 226 3646 nare
262 3577 525 3666 proposuimus.
562 3597 653 3668 quae
685 3598 758 3644 non
784 3575 1010 3646 solummodo
1036 3573 1080 3643 ad
1107 3586 1206 3646 certa
1229 3565 1349 3642 'crucia
1377 3573 1512 3642 Christi
1610 3575 1617 3586 '

140 3677 315 3768 obsequia
341 3685 424 3744 sunt
449 3673 600 3743 addicta.
626 3697 754 3748 uerum
781 3676 890 3744 otiam
917 3675 962 3743 ad
988 3677 1285 3757 sustentationem
1311 3693 1512 3762 pauperum

138 3777 314 3865 disposita
339 3795 416 3843 esse
444 3771 693 3844 dinoscuntur.
746 3775 837 3843 Hinc
864 3785 926 3843 ost.
963 3775 1061 3868 quod
1086 3797 1153 3843 noa
1178 3773 1400 3864 presentium
1434 3793 1511 3840 cer·

137 3873 294 3948 titudine
320 3873 366 3941 ad
390 3876 554 3942 notitiam
581 3886 652 3942 tam
680 3875 858 3965 presentis
887 3875 1080 3968 cuiquam
1113 3875 1255 3942 futurae
1288 3871 1511 3964 posteritatis

138 3980 307 4048 uolumus
333 3975 537 4066 peruenire.
566 3973 663 4065 quod
689 3997 753 4043 nos
780 3973 1004 4043 attendentes
1031 3977 1255 4042 honestatem
1284 3982 1320 4041 et
1353 3969 1513 4039 laudabi-

137 4081 209 4148 lem
235 4071 549 4148 conuersationem
575 4074 701 4145 militie
728 4085 764 4144 ct
790 4075 942 4146 fratrum
970 4074 1097 4144 domus
1120 4073 1399 4144 teotonicorum.
1426 4089 1509 4158 pro·
