3864 4728
380 280 440 362 w
703 355 708 364 ,
945 265 1198 366 Autheutica
1295 261 1296 265 ‘
1333 257 1336 262 ’
1364 380 1369 392 ¹

367 489 546 598 petendi,
586 498 772 590 exigendi,
812 507 849 566 et
881 497 1092 587 Recipiendi
1124 497 1398 589 peccuniarum,
1439 497 1519 564 auri
1553 505 1588 565 et
1613 497 1748 585 argenti

320 675 323 682 ,
349 609 367 630 “
382 605 610 697 quantitates,
637 598 878 668 ac’decimam
904 619 966 666 seu
986 597 1179 693 Residuuua
1197 599 1425 681 antedictum,
1451 597 1585 686 illaque
1599 594 1749 663 faciendi

287 778 291 788 K
382 703 496 793 vobis,
511 699 737 798 integraliter
762 697 946 786 assignari,
972 719 1112 766 necnon
1139 696 1423 765 contradictores
1450 703 1486 761 et
1506 695 1686 778 Rebelles,
1710 717 1749 764 ac

380 800 616 890 impedientes
642 798 839 888 quoslibet,
867 806 937 863 tarn
964 806 1167 886 exemptos,
1194 817 1300 886 quam
1327 817 1398 862 non
1424 803 1612 883 exemptos
1639 794 1751 882 cuius·

294 945 300 958 a
381 923 534 989 cumque
572 896 808 978 conditionis,
846 904 960 964 status
992 897 1051 962 uel
1076 895 1268 983 dignitatis
1294 895 1448 962 existant
1474 914 1540 982 ρει·
1564 913 1751 962 censuram

384 999 672 1068 Ecclesiasticam
697 994 935 1086 appellatione
962 993 1160 1082 postposita
1185 993 1241 1060 cui
1270 994 1405 1062 nullum
1433 993 1468 1058 in
1496 996 1561 1059 llac
1579 1003 1752 1082 partevo·

382 1101 501 1167 lumus
534 1095 652 1164 afferri
685 1093 911 1185 suffragium·
970 1093 1051 1160 Nou
1086 1094 1330 1176 obstantibus,
1370 1089 1591 1182 quibuslibet
1623 1091 1751 1159 litteris
1818 1183 1821 1191 ..

380 1197 586 1286 apostolicis
626 1216 735 1284 super
760 1193 852 1260 dicte
877 1183 1097 1260 Collectione
1122 1191 1280 1276 decime,
1318 1186 1606 1282 quibuscumque
1631 1211 1751 1278 perso·

354 1296 436 1366 'nis
462 1296 530 1365 sub
557 1295 683 1384 queuis
711 1293 906 1360 uerborum
935 1291 1051 1359 forma
1077 1291 1240 1376 directis,
1277 1303 1338 1358 aut
1362 1291 1392 1358 si
1419 1291 1589 1385 predictis
1615 1290 1765 1358 decano·

381 1409 419 1464 et
445 1395 629 1482 Capitulo,
654 1415 695 1460 ac
720 1392 902 1480 personis,
919 1389 1192 1481 'aut-aliquibus
1216 1385 1360 1458 Eorum
1376 1393 1437 1458 uel
1461 1390 1646 1480 quibusvis
1674 1389 1750 1474 alijs
1873 1397 1877 1406 '

381 1495 620 1564 communiter
644 1494 705 1560 uel
731 1491 872 1580 dinisius
899 1511 920 1556 a
946 1476 1110 1559 dicta‘sit
1137 1491 1220 1558 sede
1245 1488 1440 1572 indultum,
1466 1488 1561 1579 quod
1588 1489 1748 1588 interdici

19 1581 70 1641 Ὃ
193 1631 200 1640 ·
266 1575 270 1592 ’
381 1592 551 1682 suspendi
587 1593 647 1658 uel
680 1589 982 1658 excommunicari
1009 1610 1083 1656 non
1109 1590 1246 1678 possint
1272 1610 1338 1678 per
1362 1590 1499 1656 litterae
1525 1588 1749 1678 apostolieae,

379 1714 452 1760 non
487 1685 659 1758 iacientes
686 1683 905 1756 mentionem
931 1689 1096 1775 plenam,
1114 1747 1118 1757 .
1136 1699 1171 1756 et
1197 1697 1403 1778 expressam
1429 1710 1470 1754 ac
1496 1686 1540 1754 de
1566 1688 1683 1756 uerbo
1707 1687 1748 1755 ad

252 1837 258 1866 .
375 1789 533 1858 ‘uerbum
548 1837 559 1874 ,
585 1788 627 1856 dc
653 1785 793 1854 indulto
819 1783 1022 1854 huiusmodi
1050 1786 1310 1876 compescendi.
1363 1787 1531 1853 luuocato
1556 1785 1600 1853 ad
1627 1789 1695 1854 hoe
1720 1788 1747 1854 si

334 1929 336 1936 ·
380 1910 471 1978 opus
505 1884 616 1955 suerit
651 1885 785 1976 auxilio
818 1881 956 1971 braobij
988 1887 1177 1969 secularis,
1215 1895 1260 1954 et
1285 1876 1535 1952 nichilominus
1570 1875 1746 1975 prefatum

381 1987 575 2072 decanum,
615 1995 652 2052 et
676 1984 758 2051 illos
784 1983 828 2051 de
855 1982 950 2051 dicto
977 1985 1134 2074 capitulo
1160 1987 1326 2051 nolentes
1350 1985 1539 2053 restituere
1565 1987 1749 2074 peccunia·

377 2109 478 2171 rum,
520 2084 619 2178 auri,
658 2093 695 2176 et
728 2083 876 2172 Argenti
911 2083 1145 2171 quantitates,
1184 2104 1325 2149 necnon
1357 2093 1394 2172 et
1419 2085 1517 2172 ipsos
1543 2094 1578 2151 et
1604 2084 1747 2174 quosuis

376 2186 488 2265 ulios,
524 2205 596 2250 non
629 2185 810 2250 soluentes
850 2178 1025 2248 decimam
1062 2185 1121 2250 uel
1148 2182 1330 2250 residuum
1363 2184 1580 2254 antedictum
1608 2185 1750 2251 citandi

378 2281 587 2373 perheniter
620 2281 665 2349 ad
697 2281 918 2370 presenciam
954 2283 1148 2366 nostram,'
1169 2280 1200 2349 si
1220 2281 1398 2348 -uideritis
1424 2281 1612 2371 expedire,
1654 2283 1747 2374 quod

378 2383 472 2448 infra
499 2391 637 2448 carlum
664 2380 857 2446 terminum
884 2381 1141 2466 peremtorium
1169 2389 1451 2470 competentem,
1488 2403 1594 2472 quana
1619 2383 1682 2452 Eis
1706 2382 1749 2450 ad

363 2481 450 2548 *boc
488 2475 664 2546 duxeritis
700 2477 928 2544 statuendum
965 2480 1203 2565 personaliter
1234 2481 1436 2568 apostolico
1469 2502 1507 2548 se
1541 2481 1748 2572 conspectui

381 2588 649 2673 representem,
686 2571 819 2648 nostris
860 2595 970 2664 super
1002 2579 1071 2644 hoo
1104 2577 1299 2664 mandatis,
1331 2588 1375 2646 et
1401 2579 1634 2668 beneplacitis
1662 2582 1751 2669 pari·

363 2679 465 2761 turi,
491 2687 550 2744 aut
576 2679 647 2744 Eos
673 2677 702 2743 si
729 2675 910 2764 protervia
938 2695 1000 2742 seu
1027 2677 1202 2766 Rebellio,
1232 2688 1293 2746 aut
1319 2679 1566 2747 inobediencia
1590 2681 1750 2770 ipsorum

379 2778 560 2866 exegerit,
593 2773 779 2864 beneficiis
804 2774 1060 2844 Ecclesiasticis
1087 2799 1157 2866 que
1183 2777 1347 2844 obtinent
1374 2799 1452 2844 cum
1480 2801 1564 2847 cura
1590 2783 1648 2847 uel
1675 2781 1751 2848 sine

379 2897 465 2944 cura
492 2879 610 2943 etiarn
626 2877 656 2943 si
683 2875 873 2962 dignitates
900 2876 956 2942 uel
984 2886 1303 2961 personatum-aut
1328 2876 1445 2944 officia
1470 2881 1634 2962 existant,
1660 2882 1750 2948 Pon·

380 2976 572 3042 tificalibus
610 2973 843 3062 dignitatibus
879 2972 1063 3042 dumtaxat
1095 2975 1254 3064 exceptis
1281 2976 1429 3044 omnino
1455 2975 1640 3066 priuandi,
1677 2980 1751 3046 illa·

379 3096 449 3162 que
489 3072 697 3140 reseruandi
732 3069 920 3136 collationi
960 3081 994 3138 et
1029 3074 1256 3166 dispositioni
1292 3075 1386 3143 dicte
1420 3077 1526 3150 sedis.
1580 3078 1749 3172 Quitaudi

378 3192 523 3258 quoque
548 3169 677 3256 ipsos,
715 3177 751 3232 et
776 3168 911 3234 Eorum
951 3173 1146 3259 quemlibet
1180 3173 1223 3240 de
1251 3174 1502 3264 peccuniarum
1529 3179 1606 3246 auri
1635 3187 1670 3246 et
1694 3199 1748 3244 ar·

377 3268 475 3354 genti
511 3265 769 3354 quantitatibus
801 3288 843 3334 ac
868 3267 1005 3336 decima
1029 3272 1089 3336 uel
1117 3272 1261 3342 residuo
1286 3275 1520 3363 supradictis,
1555 3299 1625 3368 que
1651 3275 1748 3344 uide·

323 3437 326 3443 ,
377 3366 463 3433 licet
489 3384 554 3436 uos
581 3365 742 3455 recipere
770 3364 963 3456 contigerit
987 3369 1033 3435 ab
1057 3367 1201 3436 Eisdem
1229 3383 1262 3440 et
1274 3373 1345 3441 Eos
1371 3396 1412 3449 ac
1439 3375 1602 3462 ipsorum
1626 3373 1747 3465 singu·

377 3464 432 3530 los
458 3463 517 3531 ab
530 3465 908 3535 excommunicationis
934 3475 970 3534 et
990 3465 1211 3558 quibuslibet
1236 3471 1314 3558 alijs
1340 3474 1585 3560 spiritualibus
1610 3485 1749 3544 senten·

376 3561 441 3648 cije
478 3583 567 3652 quas
601 3584 668 3652 pro
693 3563 753 3631 Ed
785 3564 1037 3651 incurrissent,
1074 3569 1170 3659 quod
1205 3572 1479 3658 peccuniaruua,
1518 3575 1659 3642 auriet
1682 3573 1748 3644 Ar-

375 3663 474 3749 genti
502 3661 717 3752 quantitates
741 3683 813 3730 non
839 3663 1114 3751 Restituisaent,
1140 3669 1380 3738 sedecimam
1406 3681 1442 3740 et
1466 3673 1746 3754 Reaieuumjan·

336 3761 342 3770 '
373 3761 544 3830 tedictum
572 3759 694 3828 debito
719 3769 882 3848 tempore
908 3784 980 3830 non
1006 3766 1217 3853 noluissent,
1243 3770 1438 3861 Postquam
1464 3771 1509 3840 de
1536 3773 1609 3843 illia
1634 3772 1744 3843 fuerit

364 3860 478 3928 'nobis
503 3857 643 3948 integre
669 3857 909 3945 satisfactum,
937 3862 1147 3932 absoluendi
1175 3875 1210 3934 et
1236 3867 1466 3958 dispensandi
1492 3893 1573 3948 cum
1599 3871 1659 3940 Eis
1685 3893 1742 3941 su·

372 3979 438 4049 per
463 3958 743 4051 irregularitate,
770 3958 908 4052 siquam
934 3959 1039 4032 dictis
1064 3964 1166 4056 ligati
1180 3968 1371 4057 sentenciis
1389 3969 1604 4044 celebrando
1618 3971 1740 4044 diuina

1910 1891 1912 1908 t

1910 1913 1912 1926 t

1909 1927 1912 2000 i

1801 2279 1806 2282 *
1908 2339 1912 2580 l

1908 3651 1912 3756 ρ
