3870 4718
281 303 287 313 '
314 291 346 372 4
703 225 1307 400 ¹DiplomatuImperatorum

316 516 493 592 montium
519 481 739 609 tloainaparc·
756 527 794 589 et
815 520 1068 592 Pokaervoc'lte
1089 543 1159 612 per
1182 521 1318 592 mediat
1344 523 1458 592 uallet
1484 535 1520 594 et
1545 540 1689 599 montiae

316 617 400 686 inde
425 617 525 686 uenit
550 617 595 686 ad
617 622 793 688 'uerticem
820 623 953 690 montio
977 623 1178 692 vieltvnltel·
1205 622 1288 690 inde
1313 645 1381 714 per
1405 624 1564 695 medium
1590 635 1690 698 mon-
1798 661 1810 684 x

316 720 407 787 tium
442 719 627 786 cacumina
660 721 752 789 ment
784 742 878 812 aque
911 720 995 790 hinc
1029 733 1065 790 et
1090 721 1174 789 inde
1201 723 1395 790 decurrunt
1421 728 1619 795 reuertitur
1644 730 1687 796 ad

318 828 437 888 ortum
465 817 535 886 riui
559 819 752 910 Diezpach.
778 843 847 910 per
872 841 981 912 quem
1008 824 1099 890 eicut
1124 825 1169 890 ab
1196 833 1348 912 utraque
1375 837 1478 913 parte
1506 826 1550 894 ad
1568 828 1688 916 ipsum

317 941 411 1010 aque
444 917 640 988 decurrunt
673 921 717 990 ad
749 920 974 1011 praedictum
1005 922 1142 990 flumen
1168 923 1249 990 Sale
1276 922 1524 996 descendendo
1552 927 1686 1006 linitur,

315 1019 551 1093 Aduodatiam
577 1041 721 1111 quoque
746 1021 860 1109 ipsius
885 1018 957 1089 loci
981 1030 1052 1090 tarn
1079 1021 1349 1090 afundatorum
1368 1009 1563 1094 heredibus
1579 1049 1687 1118 quam

315 1119 364 1187 ab
389 1118 510 1209 aliquo
535 1119 721 1188 hominum
746 1118 815 1188 niei
842 1122 1202 1213 quern-praepositus
1229 1133 1265 1189 et
1291 1120 1424 1192 fratrea
1456 1127 1594 1194 utiliter
1627 1128 1688 1193 du·

274 1279 280 1306 ,
315 1215 437 1286 xarint
463 1218 669 1306 eligendum
694 1222 861 1310 usurpari
888 1219 1003 1288 modis
1030 1221 1198 1289 omnibus
1233 1223 1449 1292 inhibemus.
1505 1225 1620 1293 Porro
1657 1227 1688 1292 ai

317 1319 347 1388 ie
374 1317 436 1408 qui
463 1319 597 1386 eleotue
624 1319 745 1388 fuerit.
772 1316 896 1408 grauia
924 1321 974 1389 eis
1002 1331 1036 1389 et
1061 1321 1198 1390 inutilis
1225 1322 1395 1389 extiterit.
1420 1323 1538 1412 ipsum
1571 1327 1689 1413 repel-

316 1419 413 1487 lendi
441 1427 475 1484 et
500 1417 686 1486 meliorem
712 1420 750 1486 in
774 1421 895 1487 locum
922 1421 999 1488 eiua
1025 1418 1454 1490 substituendi.'liberam
1480 1427 1531 1490 eit
1562 1445 1688 1493 conce·

317 1519 434 1586 dimus
461 1513 688 1604 facultatem.
752 1519 882 1588 Omnia
913 1543 1058 1612 quoque
1093 1543 1185 1610 quae
1223 1522 1440 1590 liberalitate
1475 1545 1602 1612 regum
1628 1527 1688 1593 uel

316 1619 577 1706 imperatorum
609 1617 799 1707 largitione
833 1620 1047 1708 principum·
1071 1615 1253 1686 oblatione
1286 1619 1445 1688 fidelium
1480 1624 1687 1710 praedictae

318 1718 490 1786 ecclesiae
517 1720 647 1786 collata
671 1730 754 1786 aunt
779 1722 838 1786 uel
865 1721 904 1787 in
929 1730 1117 1811 posterum
1142 1713 1278 1786 suerint
1298 1719 1435 1784 collata.
1472 1717 1688 1809 specialiter

222 1863 225 1868 -
261 1833 266 1850 ‘
320 1839 408 1887 uero
434 1841 564 1909 aquam
590 1819 753 1886 insonte
779 1821 883 1888 Halle
909 1841 1017 1910 quarn
1045 1839 1164 1887 comes
1192 1817 1405 1886 Gebhardue
1447 1817 1542 1892 filiun
1568 1820 1688 1887 Perin-

318 1918 410 2010 garii
435 1919 577 1996 comitia
604 1918 648 1988 de
674 1921 849 2010 Svlzpaclr
875 1920 944 1987 e'ub
968 1919 1171 2008 praesentia
1198 1926 1233 1984 et
1260 1917 1471 1986 auctoritate
1498 1920 1687 1988 memorati

317 2018 377 2086 aui
403 2021 516 2086 nostri
542 2019 660 2093 eidem
688 2021 842 2088 cenobio
868 2041 935 2087 tex
958 2017 1063 2088 annis
1090 2027 1171 2084 ante
1192 2016 1332 2084 obitum
1351 2039 1454 2084 auum
1471 2021 1686 2107 potestatipa

316 2141 426 2190 manu
449 2117 605 2187 tradidit.
631 2121 746 2209 regali
774 2117 986 2195 auctoritate
1011 2117 1081 2204 ipsi
1108 2117 1281 2184 ecclesiae
1309 2126 1345 2183 et
1372 2116 1686 2187 iratribueconfir·

316 2241 467 2290 mamus.
518 2219 634 2289 Solita
661 2241 806 2311 qunque
832 2216 966 2306 regalia
992 2217 1204 2284 clementiae
1224 2226 1368 2284 nostrae
1386 2219 1597 2286 auctoritate
1614 2241 1687 2286 om-

316 2321 376 2388 nia
402 2320 560 2390 eiusdem
587 2319 758 2388 eccleciae
784 2316 927 2384 nonalia
946 2338 967 2383 a
984 2325 1089 2404 porta
1114 2338 1183 2406 qua
1210 2313 1302 2384 silua
1321 2337 1448 2386 uersus
1468 2318 1570 2386 Halia
1595 2319 1689 2386 clau-

279 2413 287 2435 ¹
316 2421 423 2490 ditur.
451 2443 567 2512 usque
593 2420 631 2486 in
658 2418 778 2493 riuum
803 2414 871 2511 qui
891 2410 1037 2484 dieitur
1062 2411 1291 2508 Rt'utmogt'c
1318 2427 1353 2485 et
1379 2418 1474 2484 ultra
1497 2439 1622 2508 unque
1648 2420 1686 2486 in

314 2509 437 2590 'riuum
462 2520 629 2610 wizpach
655 2536 737 2582 cum
764 2516 931 2583 omnibus
957 2515 1095 2584 colonie
1117 2515 1194 2584 auia
1217 2516 1261 2583 ab
1289 2517 1386 2584 omni
1408 2517 1487 2584 iure
1508 2518 1686 2586 comitum

316 2632 358 2692 et
381 2618 552 2690 iudt'cunt
579 2615 779 2682 eximimus.
817 2625 852 2685 et
878 2615 1012 2683 liberoe
1038 2635 1115 2684 esse
1143 2615 1382 2684 concedimur.
1411 2625 1447 2682 et
1471 2627 1511 2686 ut
1542 2639 1564 2684 a
1592 2639 1689 2707 prae·

317 2723 413 2790 fatae
441 2712 614 2784 eccl'eeiae
640 2715 850 2806 praeposito
874 2725 946 2783 tam
973 2716 1012 2783 in
1036 2714 1259 2784 secularibus
1287 2739 1396 2807 quam
1422 2717 1459 2784 in
1494 2715 1687 2806 spirituali·

243 2838 248 2850 ·
316 2821 385 2889 bus
411 2823 587 2904 regantur
612 2811 788 2886 iubemus.
839 2815 993 2906 Insuper
1016 2835 1066 2886 ne
1091 2811 1228 2910 alt'put'a
1253 2811 1483 2893 decumae!
1515 2819 1687 2886 canitura

316 2922 377 2990 uel
403 2916 646 3008 quorumlibet
671 2917 829 2988 iudicum
857 2938 967 3006 super
992 2915 1155 3004 praefata
1180 2938 1274 3006 aqua
1300 2919 1413 2982 Halle.
1431 2937 1541 3006 quarn
1559 2917 1688 2984 utdic-

318 3033 400 3091 tum
425 3027 484 3084 eat
510 3033 639 3084 comeo
655 3010 1157 3104 Gebhurduaipeieccleaiae
1183 3012 1341 3078 tradidit.
1367 3015 1428 3079 uel
1452 3034 1560 3103 quam
1576 3013 1688 3105 impe-

196 3127 203 3138 “
318 3117 399 3187 riali
415 3114 616 3206 largitione
641 3103 827 3202 poeaident
852 3107 918 3182 vel
929 3130 1049 3202 super
1071 3107 1257 3180 omnt'lma.
1278 3131 1352 3205 que
1376 3112 1414 3178 in
1431 3123 1589 3182 nostram
1610 3137 1689 3204 epe·

318 3219 458 3289 cialiter
484 3209 730 3286 defensionem
756 3211 925 3303 presenti
945 3209 1095 3302 scripto
1119 3209 1363 3302 suscepimus.
1389 3221 1541 3301 propter
1574 3215 1689 3284 cuiue·

318 3340 427 3412 quam
453 3308 718 3408 querimoniam
742 3309 779 3380 in
805 3311 948 3382 iudiciis
983 3332 1045 3381 eoe
1079 3310 1283 3406 inquietare
1316 3321 1500 3400 presumat
1533 3311 1689 3385 interdi-

319 3417 452 3489 cimus.
477 3412 658 3510 quontom
683 3409 821 3481 ιἰιιιιιιιι
847 3423 902 3482 eet
925 3421 967 3478 ut
993 3433 1063 3501 que
1088 3410 1285 3501 imperialia
1310 3411 1510 3488 maiestatis,
1534 3417 1688 3483 auctori·

319 3528 393 3586 tata
419 3507 899 3606 etberegalrltconfirmota
924 3523 1007 3580 aunt
1031 3514 1092 3580 uel
1104 3510 1347 3580 munificentia
1363 3511 1495 3578 tradita
1510 3507 1689 3603 imperiali

319 3614 576 3688 nichilominus
601 3612 728 3682 iuditio
754 3613 831 3685 eiue
857 3613 984 3703 Regali
1009 3611 1039 3679 ai
1066 3611 1153 3705 quid
1179 3611 1424 3704 querimoniae
1439 3621 1562 3679 natum
1577 3613 1690 3685 fuerit

247 3765 261 3784 .
320 3713 584 3788 rationabiliter
609 3713 833 3782 terminetur.
885 3711 1135 3785 Decernimuc
1160 3731 1269 3806 ergo.
1287 3713 1458 3782 ut'rtullus
1479 3713 1688 3785 mortalium

321 3819 382 3886 uel
408 3814 651 3904 cuiuscunque
672 3809 913 3904 »proiatsionia
940 3824 1001 3884 aut
1027 3812 1223 3903 potestatis
1248 3809 1362 3882 homo
1385 3831 1505 3903 cuper
1522 3815 1689 3909 quolibet

320 3921 451 3986 horum
476 3913 677 4003 praelatum
702 3915 895 3984 cenobium
921 3925 983 3988 ‘aut
1009 3913 1138 3987 fratrea
1164 3913 1365 4005 inquietare
1381 3924 1444 3982 aut
1466 3913 1627 4004 qualibet
1638 3916 1691 3985 in·

318 4015 511 4088 ieetatione
538 4036 670 4088 uexare
695 4026 912 4108 praesumat.
963 4015 1000 4086 Si
1027 4011 1107 4110 quia
1134 4026 1254 4087 autem
1277 4035 1368 4084 ausu
1388 4013 1579 4085 temerario
1595 4016 1689 4086 hanc
