3804 4718
608 349 615 365 ’
708 331 974 424 Authentica.

443 608 447 618 ’
671 609 968 760 nstxu.

276 921 284 930 ·
375 849 378 856 Ι
413 889 513 952 Anno
542 839 661 952 sassa.
696 880 862 966 sepsit.
906 881 989 965 apud
1014 879 1265 966 Wirapinem.

2 1123 6 1130 ·
129 1023 361 1174 Heinrieus
388 1079 484 1166 VII.
510 1106 590 1164 rex
618 1103 803 1164 unacum
834 1076 1025 1192 genitore
1056 1101 1159 1184 suo,
1203 1074 1424 1164 Friderico
1453 1081 1506 1168 Π.

128 1206 436 1320 imperatore,
454 1197 675 1282 renunciat
711 1193 953 1281 advocatiae
990 1190 1236 1281 monasterii
1277 1193 1509 1306 Campido·

207 1315 375 1427 nensis,
402 1317 483 1454 pro
515 1313 820 1449 quinquaginta
848 1312 1002 1401 marcis
1033 1312 1196 1426 argenti
1225 1315 1439 1436 annuatim

251 1455 254 1460 ·
388 1492 405 1530 ,.
472 1460 666 1532 camerae
683 1427 835 1547 regiae
865 1425 1172 1586 persolvendis

106 1603 377 1740 'Heronem
385 1647 564 1753 ,septimas
597 1658 655 1729 dei
689 1607 806 1752 gratia
829 1662 1076 1730 Romanorum
1101 1660 1182 1730 Rex
1214 1669 1250 1730 et
1273 1615 1418 1752 semper
1442 1665 1510 1734 Aa·

132 1791 261 1874 gustus
276 1777 473 1854 Laudabile
498 1776 584 1848 satis
610 1775 647 1846 io
673 1777 838 1869 prioaipe
865 1797 977 1873 genus
994 1775 1234 1846 Humanitatis
1259 1777 1425 1846 habetur.
1445 1779 1511 1846 sed

132 1893 231 1956 tune:
244 1879 460 1957 laudabilius
485 1877 873 1966 industrias-egueritis
899 1890 1070 1948 exeruere
1088 1897 1205 1966 genus
1217 1876 1361 1968 pietatis
1381 1888 1524 1967 agnos?

131 1983 239 2056 eitar.
262 1999 345 2054 uum
369 1978 534 2064 *emtastjs
561 1976 618 2048 dei
641 1986 691 2046 et·
705 1979 795 2048 loeis
810 1978 1078 2048 venerabilibus
1094 1977 1191 2046 bona
1205 1977 1419 2068 temporalia
1439 1977 1507 2044 lar·

133 2080 267 2172 giendo
293 2079 429 2168 sedura
454 2099 521 2169 pro
549 2078 702 2163 eternis,
740 2099 809 2168 pro
836 2074 1026 2159 celestibus
1052 2088 1177 2146 eterna
1202 2077 1357 2166 prouida
1381 2077 1510 2145 libera·

132 2181 234 2250 litate
259 2189 452 2248 mereatur.
488 2177 564 2246 Hae
580 2176 692 2267 igitur
718 2176 816 2245 ducti
845 2175 1134 2246 consideratione
1160 2175 1329 2244 laudabili
1357 2175 1508 2266 diligen·

2 2305 4 2312 ·
131 2281 202 2350 tius
221 2279 455 2356 attendentes
481 2275 590 2346 fidem
615 2287 655 2346 et
676 2275 908 2346 deustionem
935 2287 1044 2344 tuam.
1075 2278 1119 2344 tt
1144 2275 1362 2345 venerabilis
1389 2277 1508 2344 Abbas
1582 2337 1585 2354 ,

130 2377 420 2470 eampidsneus'is
446 2375 600 2447 dilectus
625 2375 741 2449 fidelis
766 2387 903 2446 noster.
930 2398 1074 2446 neenon
1097 2373 1313 2466 religionem
1340 2385 1376 2444 et
1399 2379 1508 2445 hone·

130 2489 262 2550 statem
288 2478 381 2548 seori
407 2475 548 2565 oeaobij
573 2475 871 2568 campidonensis
897 2486 932 2546 et
958 2477 1112 2545 fratrum
1137 2476 1273 2544 ibidem
1298 2476 1367 2544 deo
1396 2478 1508 2545 serui·

130 2575 271 2652 entium
295 2597 374 2668 pro·
391 2577 587 2648 Animabus
609 2575 781 2652 diuorum
806 2582 1055 2666 Augustorum
1076 2569 1268 2667 parentum
1298 2585 1506 2648 nostrorum

1 2692 8 2702 '
130 2677 328 2750 recolende
354 2675 527 2746 memorie
553 2686 590 2744 et
615 2680 729 2746 salute
755 2672 878 2746 nostra
904 2675 948 2746 de
975 2686 1097 2744 nostre
1126 2676 1369 2744 munificentia
1403 2676 1508 2744 maie·

130 2779 247 2872 statis.
273 2775 411 2848 damus.
439 2775 669 2844 concedimus
697 2785 731 2843 et
756 2778 1023 2864 imperpetuum
1050 2775 1303 2842 confirmamus
1330 2775 1395 2842 tibi
1413 2777 1510 2842 hein·

130 2881 206 2948 rioe
226 2875 425 2946 venerabili
447 2855 581 2944 Abbati
608 2876 876 2943 suecessoribus
901 2874 973 2942 tuis
999 2881 1035 2940 et
1061 2873 1278 2940 monasterio
1301 2871 1518 2962 supradicto

129 2973 366 3049 Aduooatiam
393 2961 688 3065 campidonensis
715 2972 920 3062 monasterii
949 2995 1056 3065 quam
1081 2972 1360 3063 predecessores
1390 2974 1506 3042 nostri

130 3090 165 3148 et
190 3099 260 3148 nos
285 3079 470 3167 hueusque
489 3075 677 3160 tenuimus
701 3084 737 3142 et
763 3099 832 3163 aaa
861 3097 943 3145 curn
968 3073 1167 3149 Rarissimo
1192 3071 1358 3165 genitore
1378 3082 1506 3140 nostro

128 3177 168 3245 F.
195 3175 434 3246 serenissimo
460 3175 705 3243 Rornanorum
733 3177 954 3272 Imperatore
980 3196 1124 3263 semper
1149 3177 1310 3262 Augusto
1345 3181 1380 3241 et
1404 3173 1505 3262 Rege

129 3273 285 3348 sieilia
274 3297 343 3366 rpsr
333 3275 552 3343 Aduoeatie
578 3272 826 3343 renuntiamus
852 3274 1010 3346 omnino
1062 3272 1310 3342 descedentes
1326 3272 1433 3342 uobis
1448 3273 1506 3341 de·
1622 3302 1626 3317 ·

130 3387 257 3446 oetero
283 3383 320 3444 et
344 3375 563 3442 monasterio
589 3375 778 3469 sepedicto
811 3375 963 3442 liberam
994 3374 1208 3464 potestatem
1244 3373 1290 3440 ds
1311 3372 1507 3466 Aduoeatia

131 3478 214 3568 ipsa
239 3467 423 3566 quiequid
434 3474 625 3543 uolueritis
652 3464 696 3542 ad
722 3479 901 3542 honorem
927 3477 964 3541 et
988 3471 1182 3542 utilitatem
1213 3471 1423 3576 monasterij
1458 3473 1508 3541 fa·

130 3575 480 3645 triemitonium
508 3575 604 3666 quud
631 3584 703 3643 tem
728 3585 767 3642 tu
794 3595 901 3665 quam
927 3591 1153 3650 successores
1178 3573 1233 3640 tui
1259 3582 1296 3641 et
1331 3561 1508 3641 monaste·

130 3677 227 3745 rium
254 3671 373 3765 ipsum
398 3695 472 3742 uno
498 3696 643 3765 quoque
670 3697 764 3743 anno
790 3675 829 3743 in
856 3674 948 3743 festo
973 3669 1227 3743 beatiAndree
1244 3671 1507 3766 quinquaginta

127 3795 281 3844 maresa
298 3773 479 3862 purissimi
504 3784 539 3842 et
566 3773 758 3841 examinati
785 3775 925 3864 argenti
952 3795 1093 3843 camere
1119 3783 1241 3843 nostre
1258 3773 1388 3842 dabitis
1406 3769 1505 3859 omnj
1637 3831 1639 3834 .

128 3875 337 3944 difficultate
362 3882 511 3941 remota.
562 3873 758 3942 statuimus
784 3873 896 3962 igitur
921 3883 956 3940 et
982 3873 1160 3962 presentis
1185 3871 1367 3962 priuilegij
1385 3883 1507 3942 aueto-

128 3975 235 4042 ritate
262 3971 482 4040 mandamus.
511 3981 551 4038 ut
575 3974 694 4038 nullus
722 3973 769 4040 sit
795 3973 855 4063 qui
889 3972 1094 4062 predictum
1120 3973 1298 4040 Abbatem
1331 3973 1391 4040 uel
1427 3992 1506 4040 sus·

2 4147 3 4150 ,
130 4091 296 4146 sessores
320 4091 406 4140 suos
433 4075 503 4140 Aut
528 4072 790 4141 monasterium
815 4073 934 4164 ipsum
960 4073 1204 4142 contrahens
1230 4072 1501 4140 concessionem
1612 4165 1617 4176 Ι

1222 4165 1297 4245 10*
