3864 4728
843 352 968 468 episc.
1009 347 1147 438 Patav.
1237 364 1242 374 ’

748 577 1139 703 :uenxnn

307 851 518 942 Plebanua
547 847 591 940 in
616 829 884 940 Hohenwart
912 811 1100 964 agnoscit
1126 846 1449 958 dependendam
1481 853 1682 945 ecclesiae

429 1045 434 1052 .
554 997 656 1056 auae
687 969 740 1054 ab
769 968 947 1092 ecclenia
977 968 1021 1052 S.
1052 965 1210 1098 Egydii
1236 970 1444 1068 Pataviae.

385 1125 386 1138 Ν
522 1175 569 1238 na
595 1176 638 1239 n.
662 1172 863 1254 stephanam
890 1171 927 1238 nr
951 1171 1121 1260 wagrein.
1152 1183 1244 1238 nn.
1294 1183 1323 1240 ⁵.
1350 1173 1467 1240 notar.

308 1317 425 1473 Ego
453 1373 549 1450 Otto
582 1376 711 1452 dictur
734 1374 937 1473 Leitcpart
962 1378 1141 1450 Plebanue
1166 1376 1325 1448 Eccleaie
1351 1377 1389 1464 in
1413 1371 1685 1457 Hoeltemonrt,

274 1495 483 1586 -profiteor
516 1495 552 1562 in
587 1494 657 1584 hiju
692 1496 855 1587 scriptia,
896 1493 1100 1585 quodcum
1130 1492 1239 1566 Otto.
1289 1490 1481 1565 Platanos
1506 1491 1686 1569 Eccleeie
1807 1574 1811 1584 ,
1872 1484 1876 1493 ⁴

308 1592 440 1664 nancti
462 1590 621 1692 Egydij
642 1593 755 1688 apud
774 1590 993 1685 Patauium.
1039 1595 1105 1664 ·Ad
1131 1615 1237 1686 quem
1254 1595 1410 1684 nomine
1434 1597 1595 1666 Ecclecle
1620 1597 1684 1667 sne'

306 1693 471 1784 predicte
490 1695 650 1762 Ecclesia
681 1696 719 1762 in
744 1696 993 1764 Hoebenwart
1015 1695 1124 1785 pleno
1154 1691 1234 1763 inre
1260 1706 1405 1786 spectat
1429 1715 1485 1764 me
1506 1697 1686 1786 inpeteret

310 1805 528 1863 constanter
556 1794 851 1864 dieenaeandem
869 1793 1067 1862 Ecclesiam
1090 1815 1168 1864 eane
1195 1815 1308 1865 ruam.
1343 1806 1378 1880 et
1402 1791 1498 1886 quod
1522 1797 1571 1866 ab
1596 1795 1686 1865 inol-

308 1881 452 1963 liciante
473 1894 667 1972 Sacerdote
695 1916 772 1964 eam
800 1895 976 1963 deberent
995 1894 1066 1963 eibi
1090 1904 1127 1964 et
1148 1915 1212 1963 aue
1231 1873 1391 1964 Eccleaie
1412 1894 1560 1964 nornine
1584 1895 1685 1989 puu-

291 2013 444 2088 ‘perum
465 1987 729 2084 Leproaornm
759 1995 863 2063 aonia
893 1993 1054 2090 nogotia.
1110 1981 1246 2063 Decen'r
1277 1997 1433 2062 Talenta.
1474 2015 1602 2068 centua
1626 2017 1688 2065 no·

308 2093 405 2162 mine
431 2093 637 2160 ministrari.
672 2111 836 2162 asserens
855 2091 976 2160 ettiam
1007 2092 1164 2175 (etiam)
1192 2115 1249 2160 nae
1270 2093 1307 2160 in
1331 2093 1408 2182 ipsa
1435 2095 1587 2163 cccleaia
1607 2097 1685 2163 nul·
1803 2147 1805 2152 .

309 2189 429 2260 luna
418 2201 473 2259 rut
499 2192 644 2260 habero.
698 2192 788 2261 Cum
818 2192 863 2260 de
892 2191 1118 2259 innectitura.
1149 2191 1186 2257 in
1214 2190 1337 2259 eadem
1357 2192 1496 2260 nullum
1518 2190 1686 2290 aibipoe
1779 2207 1785 2236 ¹

215 2307 224 2317 ·
314 2313 413 2376 nem,
446 2291 542 2381 quod
568 2313 635 2360 nec
659 2292 783 2380 ettiam
806 2290 930 2404 potui,
963 2289 1126 2359 veritatis
1154 2290 1347 2382 restiglum
1377 2285 1559 2360 exhibere.
1600 2293 1686 2402 quia

308 2413 376 2460 nec
401 2391 536 2459 litterae
565 2390 672 2458 habui
696 2410 762 2460 neo
781 2385 1015 2482 probationes
1032 2381 1214 2480 legitimae
1234 2411 1255 2457 a
1276 2391 1446 2484 patronb.
1497 2393 1585 2460 item
1606 2394 1687 2481 pro'·

309 2490 434 2584 posuit
463 2490 561 2584 quod
591 2512 658 2560 ner
688 2489 975 2562 antecessoribus
1006 2489 1081 2558 auis
1101 2511 1168 2558 nec
1191 2489 1272 2561 cibi.
1314 2511 1380 2582 per
1399 2491 1576 2562 deremet
1602 2503 1685 2562 octo
1753 2526 1758 2540 ·

309 2610 426 2658 annua
449 2591 588 2684 nullum
617 2611 693 2671 nee¹
715 2589 853 2681 aliquid
876 2587 920 2660 do
940 2587 1059 2660 Cenau
1079 2589 1207 2660 exinde
1226 2587 1348 2659 debito
1372 2593 1554 2673 noluerim.
1576 2613 1684 2683 prop·

257 2730 261 2735 -
310 2700 368 2758 ter
397 2711 467 2781 que
501 2689 625 2758 omnia
651 2711 710 2757 me
733 2691 879 2780 priuare
900 2687 998 2756 dicta
1023 2689 1273 2761 Eccleaiafuit
1295 2700 1331 2759 et
1352 2699 1429 2758 erat
1449 2692 1568 2759 infieri
1589 2712 1686 2762 com·

306 2788 485 2858 minatur.»
504 2787 597 2858 vnde
615 2785 762 2857 territur
781 2786 917 2856 vocatia
939 2797 976 2856 et
997 2787 1134 2876 rogalia
1151 2784 1336 2856 nubilibus
1357 2786 1513 2857 dominia
1533 2789 1578 2856 de
1592 2791 1684 2858 win-

309 2890 392 2957 chel
421 2887 554 2956 Annicia
578 2886 666 2957 meia
691 2887 914 2957 melioribua.
947 2895 982 2955 ct
1006 2885 1134 2956 vicinis
1151 2883 1286 2955 multia.
1312 2887 1395 2956 reni
1414 2887 1460 2953 ad
1481 2887 1684 2976 predictum
1708 2920 1711 2932 ·

309 2987 495 3056 dominum
514 3007 645 3055 meum.
680 2987 726 3056 de
749 2997 872 3056 nancto
893 2983 1048 3076 Egydio.
1085 2984 1130 3054 ad
1152 2995 1312 3054 sanctum
1332 2987 1551 3076 Stephanum¹
1575 3009 1685 3078 cuper
1827 3012 1830 3024 ¹

308 3087 506 3156 wachrain.
538 3095 574 3154 ct
603 3109 662 3155 me
692 3088 738 3156 de
757 3085 906 3157 coneilio
928 3085 1176 3176 predictorum
1196 3085 1357 3154 omnium
1377 3092 1441 3154 aue
1464 3087 1580 3178 gretie
1603 3083 1686 3158 rub-

308 3187 400 3256 miei.
427 3185 489 3280 qui
510 3185 660 3256 eandem
682 3187 809 3256 habito
825 3185 987 3258 coneilio.
1013 3185 1058 3255 ad
1077 3181 1284 3256 instantiam
1310 3188 1460 3256 illorum
1475 3185 1591 3256 victua
1607 3209 1687 3280 pre·

311 3284 423 3355 cibun.
467 3285 665 3356 Ecclesiam
703 3287 1012 3358 in'lloehenwart
1046 3286 1155 3354 michi
1186 3283 1254 3354 cub
1287 3283 1554 3355 conditionibus
1591 3288 1687 3357 inira
1811 3257 1839 3283 '⁶
1875 3329 1878 3336 ·

313 3384 457 3476 scriptia
475 3387 701 3476 recognocit
734 3386 903 3461 videlicet
924 3385 1023 3478 quod
1044 3379 1114 3455 ribi
1134 3396 1170 3455 et
1189 3385 1263 3456 auia
1279 3377 1560 3458 successoribus.
1588 3387 1686 3458 omni

313 3507 420 3554 anno.
455 3486 620 3580 Quatuor
645 3488 779 3572 talenta
801 3485 1037 3565 wiennenaia
1073 3487 1142 3553 hoc
1167 3496 1222 3554 eat
1247 3486 1507 3604 inquibuslibet
1533 3499 1689 3578 quatuor

311 3585 538 3677 temporibus
560 3606 669 3654 vnum
685 3588 870 3655 talentum.
909 3583 1060 3652 debeam
1079 3579 1285 3654 ministrare
1302 3584 1369 3656 rub
1390 3585 1491 3676 penia
1513 3587 1687 3676 priuatio-

307 3685 379 3753 nir
431 3684 497 3752 Cui
526 3706 572 3755 ex
594 3697 680 3754 tunc
699 3696 735 3780 et
754 3686 916 3753 inantea
936 3683 1084 3752 eubeeee
1101 3685 1304 3757 voluntarie
1322 3687 1432 3756 annui
1453 3696 1489 3755 et
1510 3687 1693 3768 consenui..
1771 3717 1792 3735 ·-

309 3786 400 3852 ltern
431 3784 463 3854 ei
494 3785 639 3875 wando
664 3784 834 3854 inventua
851 3783 954 3858 luero
975 3781 1206 3874 dilapidator.
1238 3797 1364 3876 utputa
1382 3787 1563 3875 obligatur
1582 3788 1687 3856 Deci·

307 3905 450 3952 marum
468 3884 543 3952 nini
559 3887 620 3956 rel
641 3895 794 3957 annone.
819 3883 865 3953 ad
885 3893 1050 3974 tempora
1064 3887 1122 3954 vel
1146 3884 1189 3953 ad
1212 3895 1365 3978 tempus.
1416 3886 1503 3954 ltcm
1527 3885 1557 3954 ai
1583 3887 1686 3957 luaor

253 4049 259 4056 .
307 3983 348 4052 in
362 3984 623 4074 Tabernie'pro
640 3985 793 4075 pecunia
807 3983 1035 4070 nominanda.
1056 4006 1119 4054 aar
1139 3987 1300 4056 notabili.
1328 3995 1535 4078 acueretur
1554 3989 1684 4056 clamo-

238 4089 240 4094 ’
311 4103 373 4154 rur
397 4105 472 4156 rev*
488 4084 647 4156 enormia
672 4085 708 4156 iu
733 4086 807 4158 vita
825 4083 988 4156 notabili.
1020 4087 1079 4160 rel
1095 4085 1221 4156 ettiatn
1246 4085 1406 4168 (etiam)
1427 4086 1457 4154 ri
1474 4085 1523 4154 'de
1544 4085 1685 4178 predit-

1440 4181 1516 4258 10*
