<?xml version="1.0" encoding="UTF-8"?>
<!DOCTYPE html PUBLIC "-//W3C//DTD XHTML 1.0 Transitional//EN"
    "http://www.w3.org/TR/xhtml1/DTD/xhtml1-transitional.dtd">
<html xmlns="http://www.w3.org/1999/xhtml" xml:lang="en" lang="en">
 <head>
  <title>
</title>
<meta http-equiv="Content-Type" content="text/html;charset=utf-8" />
  <meta name='ocr-system' content='tesseract 3.04.00' />
  <meta name='ocr-capabilities' content='ocr_page ocr_carea ocr_par ocr_line ocrx_word'/>
</head>
<body>
  <div class='ocr_page' id='page_1' title='image "./monumentaboicae22landgoog_0298.png"; bbox 0 0 3746 4720; ppageno 0'>
   <div class='ocr_carea' id='block_1_1' title="bbox 361 309 1340 429">
    <p class='ocr_par' dir='ltr' id='par_1_1' title="bbox 361 309 1340 429">
     <span class='ocr_line' id='line_1_1' title="bbox 361 309 1340 429; baseline -0.006 -26"><span class='ocrx_word' id='word_1_1' title='bbox 361 321 451 428; x_wconf 76' lang='lat'>290</span> <span class='ocrx_word' id='word_1_2' title='bbox 756 311 1000 428; x_wconf 80' lang='lat' dir='ltr'>Diplomsu</span> <span class='ocrx_word' id='word_1_3' title='bbox 1028 309 1340 429; x_wconf 75' lang='lat' dir='ltr'><strong>Imperatorum</strong></span> 
     </span>
    </p>
   </div>
   <div class='ocr_carea' id='block_1_2' title="bbox 364 548 1871 1045">
    <p class='ocr_par' dir='ltr' id='par_1_2' title="bbox 364 548 1871 943">
     <span class='ocr_line' id='line_1_2' title="bbox 364 548 1739 641; baseline 0.004 -19"><span class='ocrx_word' id='word_1_4' title='bbox 364 548 531 628; x_wconf 79' lang='lat' dir='ltr'>fidelibus</span> <span class='ocrx_word' id='word_1_5' title='bbox 557 548 631 626; x_wconf 81' lang='lat' dir='ltr'>stris</span> <span class='ocrx_word' id='word_1_6' title='bbox 656 550 811 641; x_wconf 79' lang='lat' dir='ltr'>gratiam</span> <span class='ocrx_word' id='word_1_7' title='bbox 833 549 953 630; x_wconf 83' lang='lat' dir='ltr'>Suam</span> <span class='ocrx_word' id='word_1_8' title='bbox 971 559 1007 622; x_wconf 87' lang='lat' dir='ltr'>et</span> <span class='ocrx_word' id='word_1_9' title='bbox 1022 571 1138 628; x_wconf 84' lang='lat' dir='ltr'>mnne</span> <span class='ocrx_word' id='word_1_10' title='bbox 1164 549 1332 620; x_wconf 68' lang='lat' dir='ltr'>honuni.</span> <span class='ocrx_word' id='word_1_11' title='bbox 1365 548 1499 636; x_wconf 80' lang='lat' dir='ltr'>Npturn</span> <span class='ocrx_word' id='word_1_12' title='bbox 1525 549 1572 620; x_wconf 90' lang='lat' dir='ltr'>sit</span> <span class='ocrx_word' id='word_1_13' title='bbox 1600 551 1739 627; x_wconf 79' lang='lat' dir='ltr'>uniuer-</span> 
     </span>
     <span class='ocr_line' id='line_1_3' title="bbox 366 624 1739 743; baseline 0 -21"><span class='ocrx_word' id='word_1_14' title='bbox 366 652 464 722; x_wconf 90' lang='lat' dir='ltr'>sitati</span> <span class='ocrx_word' id='word_1_15' title='bbox 491 659 621 732; x_wconf 85' lang='lat' dir='ltr'>uestra,</span> <span class='ocrx_word' id='word_1_16' title='bbox 647 652 743 743; x_wconf 85' lang='lat' dir='ltr'>qnorl</span> <span class='ocrx_word' id='word_1_17' title='bbox 768 673 835 722; x_wconf 88' lang='lat' dir='ltr'>nos</span> <span class='ocrx_word' id='word_1_18' title='bbox 859 653 1087 742; x_wconf 85' lang='lat' dir='ltr'>Ramungnm</span> <span class='ocrx_word' id='word_1_19' title='bbox 1115 650 1158 718; x_wconf 89' lang='lat' dir='ltr'>de</span> <span class='ocrx_word' id='word_1_20' title='bbox 1177 624 1414 739; x_wconf 61' lang='lat' dir='ltr'>ltamerstein.</span> <span class='ocrx_word' id='word_1_21' title='bbox 1440 660 1477 733; x_wconf 81' lang='lat' dir='ltr'>et</span> <span class='ocrx_word' id='word_1_22' title='bbox 1503 651 1739 722; x_wconf 84' lang='lat' dir='ltr'>butullsrinm</span> 
     </span>
     <span class='ocr_line' id='line_1_4' title="bbox 366 749 1871 844; baseline 0.001 -24"><span class='ocrx_word' id='word_1_23' title='bbox 366 751 413 824; x_wconf 87' lang='lat' dir='ltr'>‹le</span> <span class='ocrx_word' id='word_1_24' title='bbox 439 750 688 824; x_wconf 83' lang='lat' dir='ltr'>Nuoscnberc.</span> <span class='ocrx_word' id='word_1_25' title='bbox 713 751 838 844; x_wconf 70' lang='lat' dir='ltr'>fideles</span> <span class='ocrx_word' id='word_1_26' title='bbox 863 762 1008 828; x_wconf 79' lang='lat' dir='ltr'>nostres</span> <span class='ocrx_word' id='word_1_27' title='bbox 1033 749 1283 822; x_wconf 85' lang='lat' dir='ltr'>constituimus</span> <span class='ocrx_word' id='word_1_28' title='bbox 1308 760 1571 841; x_wconf 69' lang='lat' dir='ltr'>procuratores</span> <span class='ocrx_word' id='word_1_29' title='bbox 1605 751 1652 829; x_wconf 85' lang='lat' dir='ltr'>ad</span> <span class='ocrx_word' id='word_1_30' title='bbox 1686 773 1741 822; x_wconf 90' lang='lat' dir='ltr'>re·</span> <span class='ocrx_word' id='word_1_31' title='bbox 1799 759 1804 766; x_wconf 85' lang='lat'>&#39;</span> <span class='ocrx_word' id='word_1_32' title='bbox 1870 801 1871 834; x_wconf 50' lang='grc' dir='ltr'>ι</span> 
     </span>
     <span class='ocr_line' id='line_1_5' title="bbox 366 839 1741 943; baseline 0.001 -23"><span class='ocrx_word' id='word_1_33' title='bbox 366 851 607 926; x_wconf 72' lang='lat' dir='ltr'>nocendum</span> <span class='ocrx_word' id='word_1_34' title='bbox 597 874 634 921; x_wconf 91' lang='grc' dir='ltr'>ιιι</span> <span class='ocrx_word' id='word_1_35' title='bbox 659 839 876 943; x_wconf 78' lang='lat' dir='ltr'>potestaten</span> <span class='ocrx_word' id='word_1_36' title='bbox 900 861 940 922; x_wconf 88' lang='lat' dir='ltr'>et</span> <span class='ocrx_word' id='word_1_37' title='bbox 962 851 1174 922; x_wconf 85' lang='lat' dir='ltr'>dominium</span> <span class='ocrx_word' id='word_1_38' title='bbox 1184 851 1334 920; x_wconf 84' lang='lat' dir='ltr'>Henrici</span> <span class='ocrx_word' id='word_1_39' title='bbox 1359 851 1577 923; x_wconf 87' lang='lat' dir='ltr'>venerabilis</span> <span class='ocrx_word' id='word_1_40' title='bbox 1604 851 1741 922; x_wconf 82' lang='lat' dir='ltr'>Baban-</span> 
     </span>
    </p>

    <p class='ocr_par' dir='ltr' id='par_1_3' title="bbox 365 949 1739 1045">
     <span class='ocr_line' id='line_1_6' title="bbox 365 949 1739 1045; baseline 0.002 -25"><span class='ocrx_word' id='word_1_41' title='bbox 365 952 544 1022; x_wconf 82' lang='lat' dir='ltr'>heriensis</span> <span class='ocrx_word' id='word_1_42' title='bbox 570 951 915 1045; x_wconf 75' lang='lat' dir='ltr'>(Babenbergenslsl</span> <span class='ocrx_word' id='word_1_43' title='bbox 943 952 1060 1028; x_wconf 90' lang='lat' dir='ltr'>electi.</span> <span class='ocrx_word' id='word_1_44' title='bbox 1087 949 1223 1020; x_wconf 87' lang='lat' dir='ltr'>dilecti</span> <span class='ocrx_word' id='word_1_45' title='bbox 1220 951 1409 1042; x_wconf 90' lang='lat' dir='ltr'>principis</span> <span class='ocrx_word' id='word_1_46' title='bbox 1429 951 1555 1022; x_wconf 78' lang='lat' dir='ltr'>nostri.</span> <span class='ocrx_word' id='word_1_47' title='bbox 1574 962 1610 1021; x_wconf 91' lang='lat' dir='ltr'>et</span> <span class='ocrx_word' id='word_1_48' title='bbox 1626 956 1739 1023; x_wconf 90' lang='lat' dir='ltr'>eccle·</span> 
     </span>
    </p>
   </div>
   <div class='ocr_carea' id='block_1_3' title="bbox 367 1051 1871 1164">
    <p class='ocr_par' dir='ltr' id='par_1_4' title="bbox 367 1051 1871 1164">
     <span class='ocr_line' id='line_1_7' title="bbox 367 1051 1871 1164; baseline -0.002 -42"><span class='ocrx_word' id='word_1_49' title='bbox 367 1055 419 1122; x_wconf 89' lang='lat' dir='ltr'>sie</span> <span class='ocrx_word' id='word_1_50' title='bbox 455 1051 615 1142; x_wconf 88' lang='lat' dir='ltr'>ejusdem</span> <span class='ocrx_word' id='word_1_51' title='bbox 651 1055 773 1124; x_wconf 86' lang='lat' dir='ltr'>omnia</span> <span class='ocrx_word' id='word_1_52' title='bbox 800 1076 877 1164; x_wconf 86' lang='lat' dir='ltr'>que</span> <span class='ocrx_word' id='word_1_53' title='bbox 903 1075 971 1145; x_wconf 91' lang='lat' dir='ltr'>per</span> <span class='ocrx_word' id='word_1_54' title='bbox 995 1053 1207 1144; x_wconf 90' lang='lat' dir='ltr'>Bopponem</span> <span class='ocrx_word' id='word_1_55' title='bbox 1234 1051 1368 1119; x_wconf 88' lang='lat' dir='ltr'>dictum</span> <span class='ocrx_word' id='word_1_56' title='bbox 1394 1052 1578 1144; x_wconf 86' lang='lat' dir='ltr'>quondam</span> <span class='ocrx_word' id='word_1_57' title='bbox 1604 1052 1741 1123; x_wconf 85' lang='lat' dir='ltr'>Boben·</span> <span class='ocrx_word' id='word_1_58' title='bbox 1832 1067 1835 1073; x_wconf 85' lang='lat'>&#39;</span> <span class='ocrx_word' id='word_1_59' title='bbox 1870 1077 1871 1108; x_wconf 70' lang='grc' dir='ltr'>ι</span> 
     </span>
    </p>
   </div>
   <div class='ocr_carea' id='block_1_4' title="bbox 331 1126 1871 1330">
    <p class='ocr_par' dir='ltr' id='par_1_5' title="bbox 331 1109 1871 1326">
     <span class='ocr_line' id='line_1_8' title="bbox 331 1126 1871 1246; baseline 0.001 -25"><span class='ocrx_word' id='word_1_60' title='bbox 331 1238 334 1246; x_wconf 31' lang='grc'><strong><em>,</em></strong></span> <span class='ocrx_word' id='word_1_61' title='bbox 365 1152 569 1224; x_wconf 75' lang='lat' dir='ltr'>beriensem</span> <span class='ocrx_word' id='word_1_62' title='bbox 598 1126 972 1244; x_wconf 80' lang='lat' dir='ltr'>(Babenbergensem)</span> <span class='ocrx_word' id='word_1_63' title='bbox 1005 1154 1157 1220; x_wconf 86' lang='lat' dir='ltr'>electum</span> <span class='ocrx_word' id='word_1_64' title='bbox 1192 1173 1212 1219; x_wconf 89' lang='lat' dir='ltr'>a</span> <span class='ocrx_word' id='word_1_65' title='bbox 1244 1162 1409 1242; x_wconf 85' lang='lat' dir='ltr'>tempore</span> <span class='ocrx_word' id='word_1_66' title='bbox 1443 1149 1741 1244; x_wconf 67' lang='lat' dir='ltr'>transgressionis</span> <span class='ocrx_word' id='word_1_67' title='bbox 1869 1169 1871 1200; x_wconf 59' lang='grc' dir='ltr'>ι</span> 
     </span>
     <span class='ocr_line' id='line_1_9' title="bbox 367 1251 1871 1330; baseline 0 -9"><span class='ocrx_word' id='word_1_68' title='bbox 367 1275 441 1322; x_wconf 86' lang='lat' dir='ltr'>sne.</span> <span class='ocrx_word' id='word_1_69' title='bbox 467 1252 512 1320; x_wconf 88' lang='lat' dir='ltr'>ab</span> <span class='ocrx_word' id='word_1_70' title='bbox 539 1274 633 1322; x_wconf 90' lang='lat' dir='ltr'>anno</span> <span class='ocrx_word' id='word_1_71' title='bbox 657 1254 827 1325; x_wconf 82' lang='lat' dir='ltr'>uidelicet</span> <span class='ocrx_word' id='word_1_72' title='bbox 857 1251 1036 1324; x_wconf 87' lang='lat' dir='ltr'>dominice</span> <span class='ocrx_word' id='word_1_73' title='bbox 1062 1252 1321 1326; x_wconf 81' lang='lat' dir='ltr'>incarnationis</span> <span class='ocrx_word' id='word_1_74' title='bbox 1347 1252 1543 1330; x_wconf 86' lang='lat' dir='ltr'>Millesimo</span> <span class='ocrx_word' id='word_1_75' title='bbox 1578 1252 1742 1326; x_wconf 82' lang='lat' dir='ltr'>ducente·</span> <span class='ocrx_word' id='word_1_76' title='bbox 1869 1259 1871 1274; x_wconf 64' lang='lat'><em>¹</em></span> 
     </span>
    </p>
   </div>
   <div class='ocr_carea' id='block_1_5' title="bbox 366 1333 1871 1438">
    <p class='ocr_par' dir='ltr' id='par_1_6' title="bbox 366 1333 1871 1438">
     <span class='ocr_line' id='line_1_10' title="bbox 366 1333 1871 1438; baseline -0.001 -17"><span class='ocrx_word' id='word_1_77' title='bbox 366 1352 458 1422; x_wconf 89' lang='lat' dir='ltr'>simo</span> <span class='ocrx_word' id='word_1_78' title='bbox 484 1353 667 1423; x_wconf 89' lang='lat' dir='ltr'>tricesimo</span> <span class='ocrx_word' id='word_1_79' title='bbox 693 1374 802 1425; x_wconf 89' lang='lat' dir='ltr'>nono.</span> <span class='ocrx_word' id='word_1_80' title='bbox 827 1375 951 1422; x_wconf 88' lang='lat' dir='ltr'>mense</span> <span class='ocrx_word' id='word_1_81' title='bbox 977 1352 1148 1436; x_wconf 83' lang='lat' dir='ltr'>octubris.</span> <span class='ocrx_word' id='word_1_82' title='bbox 1176 1350 1383 1438; x_wconf 46' lang='lat' dir='ltr'>(octobris)</span> <span class='ocrx_word' id='word_1_83' title='bbox 1408 1349 1661 1421; x_wconf 75' lang='lat' dir='ltr'>terciodecimo</span> <span class='ocrx_word' id='word_1_84' title='bbox 1687 1355 1743 1420; x_wconf 88' lang='lat' dir='ltr'>ln·</span> <span class='ocrx_word' id='word_1_85' title='bbox 1870 1333 1871 1344; x_wconf 10' lang='grc' dir='ltr'>ἵ</span> 
     </span>
    </p>
   </div>
   <div class='ocr_carea' id='block_1_6' title="bbox 366 1449 1739 1547">
    <p class='ocr_par' dir='ltr' id='par_1_7' title="bbox 366 1449 1739 1547">
     <span class='ocr_line' id='line_1_11' title="bbox 366 1449 1739 1547; baseline 0.001 -27"><span class='ocrx_word' id='word_1_86' title='bbox 366 1451 553 1523; x_wconf 83' lang='lat' dir='ltr'>dictionis.</span> <span class='ocrx_word' id='word_1_87' title='bbox 572 1451 766 1526; x_wconf 84' lang='lat' dir='ltr'>infeudata.</span> <span class='ocrx_word' id='word_1_88' title='bbox 793 1451 958 1523; x_wconf 79' lang='lat' dir='ltr'>alienata.</span> <span class='ocrx_word' id='word_1_89' title='bbox 985 1451 1143 1520; x_wconf 80' lang='lat' dir='ltr'>uendite.</span> <span class='ocrx_word' id='word_1_90' title='bbox 1168 1449 1338 1547; x_wconf 82' lang='lat' dir='ltr'>obligata.</span> <span class='ocrx_word' id='word_1_91' title='bbox 1366 1451 1544 1521; x_wconf 88' lang='lat' dir='ltr'>distracta.</span> <span class='ocrx_word' id='word_1_92' title='bbox 1581 1462 1617 1521; x_wconf 89' lang='lat' dir='ltr'>et</span> <span class='ocrx_word' id='word_1_93' title='bbox 1655 1454 1739 1523; x_wconf 85' lang='lat' dir='ltr'>sub·</span> 
     </span>
    </p>
   </div>
   <div class='ocr_carea' id='block_1_7' title="bbox 365 1550 1872 1745">
    <p class='ocr_par' dir='ltr' id='par_1_8' title="bbox 365 1550 1872 1745">
     <span class='ocr_line' id='line_1_12' title="bbox 365 1550 1872 1644; baseline 0.001 -25"><span class='ocrx_word' id='word_1_94' title='bbox 365 1561 490 1621; x_wconf 84' lang='lat' dir='ltr'>tracta.</span> <span class='ocrx_word' id='word_1_95' title='bbox 519 1554 555 1620; x_wconf 92' lang='lat' dir='ltr'>in</span> <span class='ocrx_word' id='word_1_96' title='bbox 580 1551 741 1633; x_wconf 84' lang='lat' dir='ltr'>eiusdem</span> <span class='ocrx_word' id='word_1_97' title='bbox 763 1553 917 1624; x_wconf 79' lang='lat' dir='ltr'>‘ecclesie</span> <span class='ocrx_word' id='word_1_98' title='bbox 943 1551 1182 1644; x_wconf 78' lang='lat' dir='ltr'>preindicium</span> <span class='ocrx_word' id='word_1_99' title='bbox 1207 1561 1242 1620; x_wconf 91' lang='lat' dir='ltr'>et</span> <span class='ocrx_word' id='word_1_100' title='bbox 1257 1550 1533 1622; x_wconf 87' lang='lat' dir='ltr'>inestimabilem</span> <span class='ocrx_word' id='word_1_101' title='bbox 1551 1551 1740 1622; x_wconf 78' lang='lat' dir='ltr'>lesionem.</span> <span class='ocrx_word' id='word_1_102' title='bbox 1871 1601 1872 1612; x_wconf 56' lang='lat'>.</span> 
     </span>
     <span class='ocr_line' id='line_1_13' title="bbox 367 1646 1872 1745; baseline 0.001 -27"><span class='ocrx_word' id='word_1_103' title='bbox 367 1651 462 1720; x_wconf 90' lang='lat' dir='ltr'>sient</span> <span class='ocrx_word' id='word_1_104' title='bbox 485 1651 523 1720; x_wconf 92' lang='lat' dir='ltr'>in</span> <span class='ocrx_word' id='word_1_105' title='bbox 551 1649 686 1744; x_wconf 89' lang='lat' dir='ltr'>scripta</span> <span class='ocrx_word' id='word_1_106' title='bbox 710 1656 783 1722; x_wconf 86' lang='lat' dir='ltr'>lata</span> <span class='ocrx_word' id='word_1_107' title='bbox 809 1653 1007 1722; x_wconf 87' lang='lat' dir='ltr'>Sentencia.</span> <span class='ocrx_word' id='word_1_108' title='bbox 1036 1664 1142 1745; x_wconf 82' lang='lat' dir='ltr'>quam</span> <span class='ocrx_word' id='word_1_109' title='bbox 1170 1646 1346 1720; x_wconf 82' lang='lat' dir='ltr'>deserunt.</span> <span class='ocrx_word' id='word_1_110' title='bbox 1363 1651 1506 1744; x_wconf 85' lang='lat' dir='ltr'>plenius</span> <span class='ocrx_word' id='word_1_111' title='bbox 1525 1654 1743 1724; x_wconf 86' lang='lat' dir='ltr'>continetur.</span> <span class='ocrx_word' id='word_1_112' title='bbox 1871 1691 1872 1704; x_wconf 73' lang='lat'>.</span> 
     </span>
    </p>
   </div>
   <div class='ocr_carea' id='block_1_8' title="bbox 368 1750 1743 1845">
    <p class='ocr_par' dir='ltr' id='par_1_9' title="bbox 368 1750 1743 1845">
     <span class='ocr_line' id='line_1_14' title="bbox 368 1750 1743 1845; baseline 0.002 -27"><span class='ocrx_word' id='word_1_113' title='bbox 368 1752 489 1845; x_wconf 87' lang='lat' dir='ltr'>Quare</span> <span class='ocrx_word' id='word_1_114' title='bbox 515 1753 725 1823; x_wconf 86' lang='lat' dir='ltr'>mandamus</span> <span class='ocrx_word' id='word_1_115' title='bbox 752 1763 789 1825; x_wconf 87' lang='lat' dir='ltr'>et</span> <span class='ocrx_word' id='word_1_116' title='bbox 813 1752 1032 1844; x_wconf 85' lang='lat' dir='ltr'>precipimus</span> <span class='ocrx_word' id='word_1_117' title='bbox 1056 1750 1220 1820; x_wconf 86' lang='lat' dir='ltr'>fidelitati</span> <span class='ocrx_word' id='word_1_118' title='bbox 1247 1761 1377 1822; x_wconf 92' lang='lat' dir='ltr'>uestre.</span> <span class='ocrx_word' id='word_1_119' title='bbox 1405 1762 1582 1844; x_wconf 86' lang='lat' dir='ltr'>quatenus</span> <span class='ocrx_word' id='word_1_120' title='bbox 1608 1753 1654 1820; x_wconf 87' lang='lat' dir='ltr'>ad</span> <span class='ocrx_word' id='word_1_121' title='bbox 1689 1775 1743 1821; x_wconf 86' lang='lat' dir='ltr'>re·</span> 
     </span>
    </p>
   </div>
   <div class='ocr_carea' id='block_1_9' title="bbox 369 1833 1872 1944">
    <p class='ocr_par' dir='ltr' id='par_1_10' title="bbox 369 1833 1872 1944">
     <span class='ocr_line' id='line_1_15' title="bbox 369 1833 1872 1944; baseline -0.002 -22"><span class='ocrx_word' id='word_1_122' title='bbox 369 1850 605 1943; x_wconf 84' lang='lat' dir='ltr'>quisicionem</span> <span class='ocrx_word' id='word_1_123' title='bbox 634 1851 795 1944; x_wconf 87' lang='lat' dir='ltr'>ipsorum</span> <span class='ocrx_word' id='word_1_124' title='bbox 820 1861 1109 1944; x_wconf 87' lang='lat' dir='ltr'>procuratorum.</span> <span class='ocrx_word' id='word_1_125' title='bbox 1138 1873 1178 1922; x_wconf 82' lang='lat' dir='ltr'>aa</span> <span class='ocrx_word' id='word_1_126' title='bbox 1206 1873 1276 1942; x_wconf 92' lang='lat' dir='ltr'>que</span> <span class='ocrx_word' id='word_1_127' title='bbox 1302 1875 1322 1922; x_wconf 93' lang='lat' dir='ltr'>a</span> <span class='ocrx_word' id='word_1_128' title='bbox 1348 1853 1510 1944; x_wconf 88' lang='lat' dir='ltr'>predicto</span> <span class='ocrx_word' id='word_1_129' title='bbox 1530 1853 1741 1943; x_wconf 78' lang='lat' dir='ltr'>Btoppone)</span> <span class='ocrx_word' id='word_1_130' title='bbox 1871 1833 1872 1844; x_wconf 36' lang='lat'>¹</span> 
     </span>
    </p>
   </div>
   <div class='ocr_carea' id='block_1_10' title="bbox 265 1951 1816 2856">
    <p class='ocr_par' dir='ltr' id='par_1_11' title="bbox 284 1951 1740 2045">
     <span class='ocr_line' id='line_1_16' title="bbox 284 1951 1740 2045; baseline -0.003 -20"><span class='ocrx_word' id='word_1_131' title='bbox 284 1990 286 1998; x_wconf 63' lang='lat'>.</span> <span class='ocrx_word' id='word_1_132' title='bbox 369 1951 553 2042; x_wconf 84' lang='lat' dir='ltr'>quondam</span> <span class='ocrx_word' id='word_1_133' title='bbox 579 1955 695 2024; x_wconf 88' lang='lat' dir='ltr'>electo</span> <span class='ocrx_word' id='word_1_134' title='bbox 721 1976 743 2022; x_wconf 90' lang='lat' dir='ltr'>a</span> <span class='ocrx_word' id='word_1_135' title='bbox 768 1952 976 2045; x_wconf 86' lang='lat' dir='ltr'>supradicto</span> <span class='ocrx_word' id='word_1_136' title='bbox 1000 1963 1165 2042; x_wconf 86' lang='lat' dir='ltr'>tempore</span> <span class='ocrx_word' id='word_1_137' title='bbox 1191 1953 1297 2022; x_wconf 87' lang='lat' dir='ltr'>uobis</span> <span class='ocrx_word' id='word_1_138' title='bbox 1324 1974 1494 2035; x_wconf 78' lang='lat' dir='ltr'>concessa</span> <span class='ocrx_word' id='word_1_139' title='bbox 1529 1965 1740 2022; x_wconf 89' lang='lat' dir='ltr'>noscuntur.</span> 
     </span>
    </p>

    <p class='ocr_par' dir='ltr' id='par_1_12' title="bbox 265 2051 1816 2844">
     <span class='ocr_line' id='line_1_17' title="bbox 367 2051 1744 2142; baseline 0.001 -25"><span class='ocrx_word' id='word_1_140' title='bbox 367 2051 407 2140; x_wconf 76' lang='lat' dir='ltr'>in</span> <span class='ocrx_word' id='word_1_141' title='bbox 432 2061 647 2142; x_wconf 85' lang='lat' dir='ltr'>potestatem</span> <span class='ocrx_word' id='word_1_142' title='bbox 673 2064 710 2123; x_wconf 94' lang='lat' dir='ltr'>et</span> <span class='ocrx_word' id='word_1_143' title='bbox 735 2053 933 2123; x_wconf 87' lang='lat' dir='ltr'>dominium</span> <span class='ocrx_word' id='word_1_144' title='bbox 969 2051 1056 2121; x_wconf 90' lang='lat' dir='ltr'>dicti</span> <span class='ocrx_word' id='word_1_145' title='bbox 1083 2053 1265 2136; x_wconf 82' lang='lat' dir='ltr'>H(enrici)</span> <span class='ocrx_word' id='word_1_146' title='bbox 1301 2055 1405 2121; x_wconf 89' lang='lat' dir='ltr'>electi</span> <span class='ocrx_word' id='word_1_147' title='bbox 1440 2063 1476 2122; x_wconf 92' lang='lat' dir='ltr'>et</span> <span class='ocrx_word' id='word_1_148' title='bbox 1511 2055 1664 2124; x_wconf 87' lang='lat' dir='ltr'>ecclesie</span> <span class='ocrx_word' id='word_1_149' title='bbox 1688 2073 1744 2120; x_wconf 92' lang='lat' dir='ltr'>re·</span> 
     </span>
     <span class='ocr_line' id='line_1_18' title="bbox 265 2141 1742 2246; baseline 0 -26"><span class='ocrx_word' id='word_1_150' title='bbox 265 2141 275 2155; x_wconf 47' lang='lat'>⁸</span> <span class='ocrx_word' id='word_1_151' title='bbox 369 2151 531 2242; x_wconf 82' lang='lat' dir='ltr'>signetis.</span> <span class='ocrx_word' id='word_1_152' title='bbox 558 2175 638 2223; x_wconf 90' lang='lat' dir='ltr'>cnm</span> <span class='ocrx_word' id='word_1_153' title='bbox 665 2164 702 2224; x_wconf 89' lang='lat' dir='ltr'>et</span> <span class='ocrx_word' id='word_1_154' title='bbox 726 2175 792 2224; x_wconf 89' lang='lat' dir='ltr'>nos</span> <span class='ocrx_word' id='word_1_155' title='bbox 818 2177 860 2226; x_wconf 87' lang='lat' dir='ltr'>ca</span> <span class='ocrx_word' id='word_1_156' title='bbox 887 2175 957 2246; x_wconf 88' lang='lat' dir='ltr'>que</span> <span class='ocrx_word' id='word_1_157' title='bbox 984 2173 1153 2221; x_wconf 83' lang='lat' dir='ltr'>concessa</span> <span class='ocrx_word' id='word_1_158' title='bbox 1179 2147 1326 2221; x_wconf 89' lang='lat' dir='ltr'>suerunt</span> <span class='ocrx_word' id='word_1_159' title='bbox 1352 2154 1395 2221; x_wconf 87' lang='lat' dir='ltr'>de</span> <span class='ocrx_word' id='word_1_160' title='bbox 1423 2153 1528 2222; x_wconf 88' lang='lat' dir='ltr'>bo&#39;nis</span> <span class='ocrx_word' id='word_1_161' title='bbox 1559 2153 1742 2244; x_wconf 86' lang='lat' dir='ltr'>quondam</span> 
     </span>
     <span class='ocr_line' id='line_1_19' title="bbox 368 2252 1744 2346; baseline 0.002 -26"><span class='ocrx_word' id='word_1_162' title='bbox 368 2253 511 2321; x_wconf 88' lang='lat' dir='ltr'>comitis</span> <span class='ocrx_word' id='word_1_163' title='bbox 537 2252 581 2322; x_wconf 89' lang='lat' dir='ltr'>de</span> <span class='ocrx_word' id='word_1_164' title='bbox 607 2255 733 2346; x_wconf 78' lang='lat' dir='ltr'>Bogen</span> <span class='ocrx_word' id='word_1_165' title='bbox 759 2255 803 2323; x_wconf 87' lang='lat' dir='ltr'>ad</span> <span class='ocrx_word' id='word_1_166' title='bbox 829 2253 1016 2323; x_wconf 86' lang='lat' dir='ltr'>eeclesiam</span> <span class='ocrx_word' id='word_1_167' title='bbox 1043 2253 1158 2343; x_wconf 90' lang='lat' dir='ltr'>ipsam</span> <span class='ocrx_word' id='word_1_168' title='bbox 1183 2254 1440 2343; x_wconf 78' lang='lat' dir='ltr'>spectantibus.</span> <span class='ocrx_word' id='word_1_169' title='bbox 1471 2275 1543 2344; x_wconf 87' lang='lat' dir='ltr'>que</span> <span class='ocrx_word' id='word_1_170' title='bbox 1568 2275 1634 2345; x_wconf 87' lang='lat' dir='ltr'>per</span> <span class='ocrx_word' id='word_1_171' title='bbox 1672 2254 1744 2323; x_wconf 89' lang='lat' dir='ltr'>dic·</span> 
     </span>
     <span class='ocr_line' id='line_1_20' title="bbox 367 2352 1745 2445; baseline 0.002 -27"><span class='ocrx_word' id='word_1_172' title='bbox 367 2359 445 2418; x_wconf 88' lang='lat' dir='ltr'>tum</span> <span class='ocrx_word' id='word_1_173' title='bbox 471 2352 717 2442; x_wconf 83' lang='lat' dir='ltr'>B(oppanem)</span> <span class='ocrx_word' id='word_1_174' title='bbox 745 2355 924 2445; x_wconf 86' lang='lat' dir='ltr'>quondam</span> <span class='ocrx_word' id='word_1_175' title='bbox 940 2354 1106 2421; x_wconf 81' lang='lat' dir='ltr'>electum</span> <span class='ocrx_word' id='word_1_176' title='bbox 1132 2362 1215 2442; x_wconf 88' lang='lat' dir='ltr'>post</span> <span class='ocrx_word' id='word_1_177' title='bbox 1240 2353 1562 2444; x_wconf 71' lang='lat' dir='ltr'>transgressionem</span> <span class='ocrx_word' id='word_1_178' title='bbox 1596 2375 1698 2421; x_wconf 89' lang='lat' dir='ltr'>suam</span> <span class='ocrx_word' id='word_1_179' title='bbox 1724 2377 1745 2420; x_wconf 87' lang='lat' dir='ltr'>a</span> 
     </span>
     <span class='ocr_line' id='line_1_21' title="bbox 369 2449 1816 2544; baseline 0 -25"><span class='ocrx_word' id='word_1_180' title='bbox 369 2450 502 2519; x_wconf 83' lang='lat' dir='ltr'>dilecto</span> <span class='ocrx_word' id='word_1_181' title='bbox 526 2451 602 2522; x_wconf 88' lang='lat' dir='ltr'>lilio</span> <span class='ocrx_word' id='word_1_182' title='bbox 629 2465 754 2522; x_wconf 86' lang='lat' dir='ltr'>nostro</span> <span class='ocrx_word' id='word_1_183' title='bbox 777 2457 877 2544; x_wconf 82' lang='lat' dir='ltr'>Rege</span> <span class='ocrx_word' id='word_1_184' title='bbox 903 2453 1092 2521; x_wconf 87' lang='lat' dir='ltr'>Cnnrradc</span> <span class='ocrx_word' id='word_1_185' title='bbox 1119 2450 1252 2520; x_wconf 89' lang='lat' dir='ltr'>dicitur</span> <span class='ocrx_word' id='word_1_186' title='bbox 1278 2453 1387 2522; x_wconf 84' lang='lat' dir='ltr'>fuisse</span> <span class='ocrx_word' id='word_1_187' title='bbox 1422 2463 1598 2544; x_wconf 87' lang='lat' dir='ltr'>suscepta.</span> <span class='ocrx_word' id='word_1_188' title='bbox 1635 2453 1744 2544; x_wconf 80' lang='lat' dir='ltr'>resig·</span> <span class='ocrx_word' id='word_1_189' title='bbox 1813 2449 1816 2456; x_wconf 76' lang='grc'><strong>“</strong></span> 
     </span>
     <span class='ocr_line' id='line_1_22' title="bbox 369 2547 1744 2646; baseline 0.001 -28"><span class='ocrx_word' id='word_1_190' title='bbox 369 2551 578 2628; x_wconf 86' lang='lat' dir='ltr'>nauerimns</span> <span class='ocrx_word' id='word_1_191' title='bbox 604 2547 641 2619; x_wconf 91' lang='lat' dir='ltr'>io</span> <span class='ocrx_word' id='word_1_192' title='bbox 668 2552 830 2630; x_wconf 87' lang='lat' dir='ltr'>eiusdem</span> <span class='ocrx_word' id='word_1_193' title='bbox 857 2552 1061 2643; x_wconf 65' lang='lat' dir='ltr'>Hienrici)</span> <span class='ocrx_word' id='word_1_194' title='bbox 1065 2552 1170 2622; x_wconf 87' lang='lat' dir='ltr'>electi</span> <span class='ocrx_word' id='word_1_195' title='bbox 1200 2562 1424 2644; x_wconf 86' lang='lat' dir='ltr'>potestatem.</span> <span class='ocrx_word' id='word_1_196' title='bbox 1458 2554 1658 2646; x_wconf 81' lang='lat' dir='ltr'>gloriosum</span> <span class='ocrx_word' id='word_1_197' title='bbox 1693 2574 1744 2621; x_wconf 90' lang='lat' dir='ltr'>re·</span> 
     </span>
     <span class='ocr_line' id='line_1_23' title="bbox 370 2633 1745 2746; baseline 0.001 -28"><span class='ocrx_word' id='word_1_198' title='bbox 370 2660 536 2740; x_wconf 89' lang='lat' dir='ltr'>putantes</span> <span class='ocrx_word' id='word_1_199' title='bbox 563 2653 635 2744; x_wconf 79' lang='lat' dir='ltr'>legi</span> <span class='ocrx_word' id='word_1_200' title='bbox 663 2651 759 2723; x_wconf 86' lang='lat' dir='ltr'>edite</span> <span class='ocrx_word' id='word_1_201' title='bbox 785 2653 983 2723; x_wconf 88' lang='lat' dir='ltr'>subiacere.</span> <span class='ocrx_word' id='word_1_202' title='bbox 1011 2633 1175 2721; x_wconf 80' lang='lat' dir='ltr'>nolentes</span> <span class='ocrx_word' id='word_1_203' title='bbox 1200 2653 1348 2744; x_wconf 80' lang='lat' dir='ltr'>indigne</span> <span class='ocrx_word' id='word_1_204' title='bbox 1374 2663 1499 2722; x_wconf 87' lang='lat' dir='ltr'>tenere</span> <span class='ocrx_word' id='word_1_205' title='bbox 1525 2675 1596 2746; x_wconf 84' lang='lat' dir='ltr'>que</span> <span class='ocrx_word' id='word_1_206' title='bbox 1617 2654 1745 2721; x_wconf 87' lang='lat' dir='ltr'>collata</span> 
     </span>
     <span class='ocr_line' id='line_1_24' title="bbox 371 2753 1743 2856; baseline 0.003 -38"><span class='ocrx_word' id='word_1_207' title='bbox 371 2762 489 2832; x_wconf 88' lang='lat' dir='ltr'>erant</span> <span class='ocrx_word' id='word_1_208' title='bbox 506 2774 573 2844; x_wconf 88' lang='lat' dir='ltr'>per</span> <span class='ocrx_word' id='word_1_209' title='bbox 606 2755 838 2824; x_wconf 87' lang='lat' dir='ltr'>temerarium</span> <span class='ocrx_word' id='word_1_210' title='bbox 872 2764 1188 2843; x_wconf 77' lang='lat' dir='ltr'>transgressorem.</span> <span class='ocrx_word' id='word_1_211' title='bbox 1238 2755 1292 2823; x_wconf 85' lang='lat' dir='ltr'>Ad</span> <span class='ocrx_word' id='word_1_212' title='bbox 1327 2754 1429 2821; x_wconf 86' lang='lat' dir='ltr'>cuius</span> <span class='ocrx_word' id='word_1_213' title='bbox 1451 2753 1506 2820; x_wconf 85' lang='lat' dir='ltr'>rei</span> <span class='ocrx_word' id='word_1_214' title='bbox 1536 2755 1743 2856; x_wconf 85' lang='lat' dir='ltr'>memoriam</span> 
     </span>
    </p>
   </div>
   <div class='ocr_carea' id='block_1_11' title="bbox 369 2847 1745 3020">
    <p class='ocr_par' dir='ltr' id='par_1_13' title="bbox 369 2847 1745 3020">
     <span class='ocr_line' id='line_1_25' title="bbox 370 2847 1745 2974; baseline 0.003 -57"><span class='ocrx_word' id='word_1_215' title='bbox 370 2871 520 2940; x_wconf 85' lang='lat' dir='ltr'>presens</span> <span class='ocrx_word' id='word_1_216' title='bbox 546 2855 718 2974; x_wconf 81' lang='lat' dir='ltr'>scriptum</span> <span class='ocrx_word' id='word_1_217' title='bbox 746 2855 836 2924; x_wconf 86' lang='lat' dir='ltr'>lieri.</span> <span class='ocrx_word' id='word_1_218' title='bbox 865 2865 902 2925; x_wconf 90' lang='lat' dir='ltr'>et</span> <span class='ocrx_word' id='word_1_219' title='bbox 927 2851 1123 2974; x_wconf 77' lang='lat' dir='ltr'>Maiestatis</span> <span class='ocrx_word' id='word_1_220' title='bbox 1149 2847 1272 2924; x_wconf 79' lang='lat' dir='ltr'>nostre</span> <span class='ocrx_word' id='word_1_221' title='bbox 1298 2855 1456 2946; x_wconf 83' lang='lat' dir='ltr'>sigillo&#39;</span> <span class='ocrx_word' id='word_1_222' title='bbox 1446 2847 1614 2924; x_wconf 86' lang='lat' dir='ltr'>russimus</span> <span class='ocrx_word' id='word_1_223' title='bbox 1653 2877 1745 2923; x_wconf 91' lang='lat' dir='ltr'>com·</span> 
     </span>
     <span class='ocr_line' id='line_1_26' title="bbox 369 2953 1062 3020; baseline 0.004 -1"><span class='ocrx_word' id='word_1_224' title='bbox 369 2953 514 3020; x_wconf 90' lang='lat' dir='ltr'>muniri.</span> <span class='ocrx_word' id='word_1_225' title='bbox 1059 2979 1062 2988; x_wconf 78' lang='grc'>’</span> 
     </span>
    </p>
   </div>
   <div class='ocr_carea' id='block_1_12' title="bbox 470 3079 1746 3171">
    <p class='ocr_par' dir='ltr' id='par_1_14' title="bbox 470 3079 1746 3171">
     <span class='ocr_line' id='line_1_27' title="bbox 470 3079 1746 3171; baseline 0.002 -24"><span class='ocrx_word' id='word_1_226' title='bbox 470 3081 639 3150; x_wconf 84' lang='lat' dir='ltr'>Datum&#39;</span> <span class='ocrx_word' id='word_1_227' title='bbox 628 3107 664 3148; x_wconf 90' lang='lat' dir='ltr'>m</span> <span class='ocrx_word' id='word_1_228' title='bbox 682 3081 817 3160; x_wconf 86' lang='lat' dir='ltr'>Castris</span> <span class='ocrx_word' id='word_1_229' title='bbox 845 3101 960 3171; x_wconf 83' lang='lat' dir='ltr'>prope</span> <span class='ocrx_word' id='word_1_230' title='bbox 987 3080 1230 3150; x_wconf 72' lang='lat' dir='ltr'>anezanum‘</span> <span class='ocrx_word' id='word_1_231' title='bbox 1220 3106 1256 3148; x_wconf 90' lang='grc' dir='ltr'>ιιι</span> <span class='ocrx_word' id='word_1_232' title='bbox 1283 3085 1420 3151; x_wconf 83' lang='lat' dir='ltr'>celano.</span> <span class='ocrx_word' id='word_1_233' title='bbox 1450 3080 1544 3149; x_wconf 86' lang='lat' dir='ltr'>anno</span> <span class='ocrx_word' id='word_1_234' title='bbox 1566 3079 1746 3149; x_wconf 85' lang='lat' dir='ltr'>dominice</span> 
     </span>
    </p>
   </div>
   <div class='ocr_carea' id='block_1_13' title="bbox 361 3180 1744 3392">
    <p class='ocr_par' dir='ltr' id='par_1_15' title="bbox 361 3180 1744 3376">
     <span class='ocr_line' id='line_1_28' title="bbox 363 3180 1744 3278; baseline 0.004 -33"><span class='ocrx_word' id='word_1_235' title='bbox 363 3181 630 3248; x_wconf 80' lang='lat' dir='ltr'>&#39;iucarnationis</span> <span class='ocrx_word' id='word_1_236' title='bbox 645 3181 837 3248; x_wconf 84' lang='lat' dir='ltr'>Milleslmc</span> <span class='ocrx_word' id='word_1_237' title='bbox 855 3180 1101 3250; x_wconf 85' lang='lat' dir='ltr'>ducentesimo</span> <span class='ocrx_word' id='word_1_238' title='bbox 1117 3183 1400 3278; x_wconf 79' lang='lat' dir='ltr'>Quadragesimo</span> <span class='ocrx_word' id='word_1_239' title='bbox 1417 3183 1594 3253; x_wconf 79' lang='lat' dir='ltr'>Secundo.</span> <span class='ocrx_word' id='word_1_240' title='bbox 1621 3183 1744 3252; x_wconf 81' lang='lat' dir='ltr'>Mense</span> 
     </span>
     <span class='ocr_line' id='line_1_29' title="bbox 361 3277 1519 3392; baseline 0.009 -47"><span class='ocrx_word' id='word_1_241' title='bbox 361 3279 498 3348; x_wconf 82' lang='lat' dir='ltr'>·Junti.·</span> <span class='ocrx_word' id='word_1_242' title='bbox 531 3279 804 3392; x_wconf 77' lang='lat' dir='ltr'>Quintedecime</span> <span class='ocrx_word' id='word_1_243' title='bbox 828 3277 1104 3351; x_wconf 85' lang='lat' dir='ltr'>lndlctionis</span> <span class='ocrx_word' id='word_1_244' title='bbox 1099 3342 1104 3351; x_wconf 95' lang='lat'>.</span> <span class='ocrx_word' id='word_1_245' title='bbox 1406 3307 1408 3314; x_wconf 77' lang='grc'><em>’</em></span> <span class='ocrx_word' id='word_1_246' title='bbox 1514 3308 1519 3325; x_wconf 87' lang='grc'>·</span> 
     </span>
    </p>
   </div>
   <div class='ocr_carea' id='block_1_14' title="bbox 436 3497 1743 3687">
    <p class='ocr_par' dir='ltr' id='par_1_16' title="bbox 436 3497 1743 3687">
     <span class='ocr_line' id='line_1_30' title="bbox 436 3497 1743 3589; baseline 0.005 -29"><span class='ocrx_word' id='word_1_247' title='bbox 436 3504 468 3576; x_wconf 79' lang='grc' dir='ltr'>α)</span> <span class='ocrx_word' id='word_1_248' title='bbox 496 3498 673 3586; x_wconf 77' lang='lat' dir='ltr'>Sigillum,</span> <span class='ocrx_word' id='word_1_249' title='bbox 695 3519 735 3562; x_wconf 72' lang='lat' dir='ltr'>ex</span> <span class='ocrx_word' id='word_1_250' title='bbox 760 3501 852 3564; x_wconf 89' lang='lat' dir='ltr'>omni</span> <span class='ocrx_word' id='word_1_251' title='bbox 876 3497 943 3564; x_wconf 84' lang='lat' dir='ltr'>lere</span> <span class='ocrx_word' id='word_1_252' title='bbox 970 3514 1061 3583; x_wconf 85' lang='lat' dir='ltr'>parta</span> <span class='ocrx_word' id='word_1_253' title='bbox 1084 3502 1252 3584; x_wconf 79' lang='lat' dir='ltr'>illaesum,</span> <span class='ocrx_word' id='word_1_254' title='bbox 1280 3515 1311 3567; x_wconf 88' lang='lat' dir='ltr'>et</span> <span class='ocrx_word' id='word_1_255' title='bbox 1327 3503 1612 3589; x_wconf 82' lang='lat' dir='ltr'>bensaxpressurn</span> <span class='ocrx_word' id='word_1_256' title='bbox 1629 3523 1743 3588; x_wconf 84' lang='lat' dir='ltr'>appen-</span> 
     </span>
     <span class='ocr_line' id='line_1_31' title="bbox 494 3599 1084 3687; baseline 0.015 -27"><span class='ocrx_word' id='word_1_257' title='bbox 494 3599 548 3662; x_wconf 86' lang='lat' dir='ltr'>det</span> <span class='ocrx_word' id='word_1_258' title='bbox 573 3619 613 3662; x_wconf 83' lang='lat' dir='ltr'>ex</span> <span class='ocrx_word' id='word_1_259' title='bbox 637 3613 803 3687; x_wconf 82' lang='lat' dir='ltr'>segmento</span> <span class='ocrx_word' id='word_1_260' title='bbox 831 3601 1084 3670; x_wconf 82' lang='lat' dir='ltr'>membranaceo.</span> 
     </span>
    </p>
   </div>
   <div class='ocr_carea' id='block_1_15' title="bbox 427 3747 1744 4124">
    <p class='ocr_par' dir='ltr' id='par_1_17' title="bbox 438 3747 1744 3935">
     <span class='ocr_line' id='line_1_32' title="bbox 438 3747 1744 3842; baseline 0 -26"><span class='ocrx_word' id='word_1_261' title='bbox 438 3753 467 3836; x_wconf 80' lang='lat' dir='ltr'>b)</span> <span class='ocrx_word' id='word_1_262' title='bbox 494 3753 631 3817; x_wconf 84' lang='lat' dir='ltr'>Indictis</span> <span class='ocrx_word' id='word_1_263' title='bbox 657 3755 695 3818; x_wconf 87' lang='lat' dir='ltr'>arl</span> <span class='ocrx_word' id='word_1_264' title='bbox 722 3753 823 3820; x_wconf 86' lang='lat' dir='ltr'>linem</span> <span class='ocrx_word' id='word_1_265' title='bbox 848 3757 1057 3822; x_wconf 88' lang='lat' dir='ltr'>instrumenti</span> <span class='ocrx_word' id='word_1_266' title='bbox 1084 3761 1228 3842; x_wconf 86' lang='lat' dir='ltr'>apposita</span> <span class='ocrx_word' id='word_1_267' title='bbox 1253 3758 1424 3840; x_wconf 82' lang='lat' dir='ltr'>respondet</span> <span class='ocrx_word' id='word_1_268' title='bbox 1450 3747 1537 3824; x_wconf 77' lang='lat' dir='ltr'>sano</span> <span class='ocrx_word' id='word_1_269' title='bbox 1565 3760 1635 3823; x_wconf 83' lang='lat' dir='ltr'>eins</span> <span class='ocrx_word' id='word_1_270' title='bbox 1666 3757 1744 3820; x_wconf 84' lang='lat' dir='ltr'>indi-</span> 
     </span>
     <span class='ocr_line' id='line_1_33' title="bbox 495 3855 1742 3935; baseline 0.002 -20"><span class='ocrx_word' id='word_1_271' title='bbox 495 3869 571 3919; x_wconf 86' lang='lat' dir='ltr'>catc.</span> <span class='ocrx_word' id='word_1_272' title='bbox 624 3855 729 3919; x_wconf 80' lang='lat' dir='ltr'>Altera</span> <span class='ocrx_word' id='word_1_273' title='bbox 755 3871 860 3921; x_wconf 89' lang='lat' dir='ltr'>autem</span> <span class='ocrx_word' id='word_1_274' title='bbox 888 3859 1040 3935; x_wconf 83' lang='lat' dir='ltr'>indictio,</span> <span class='ocrx_word' id='word_1_275' title='bbox 1067 3861 1100 3926; x_wconf 91' lang='lat' dir='ltr'>in</span> <span class='ocrx_word' id='word_1_276' title='bbox 1130 3861 1234 3922; x_wconf 87' lang='lat' dir='ltr'>medic</span> <span class='ocrx_word' id='word_1_277' title='bbox 1262 3872 1430 3926; x_wconf 83' lang='lat' dir='ltr'>contextus</span> <span class='ocrx_word' id='word_1_278' title='bbox 1457 3861 1496 3922; x_wconf 83' lang='lat' dir='ltr'>ad</span> <span class='ocrx_word' id='word_1_279' title='bbox 1523 3879 1667 3923; x_wconf 84' lang='lat' dir='ltr'>mensem</span> <span class='ocrx_word' id='word_1_280' title='bbox 1689 3859 1742 3918; x_wconf 87' lang='lat' dir='ltr'>Oc·</span> 
     </span>
    </p>

    <p class='ocr_par' dir='ltr' id='par_1_18' title="bbox 427 3953 1741 4124">
     <span class='ocr_line' id='line_1_34' title="bbox 427 3953 1741 4042; baseline 0.002 -24"><span class='ocrx_word' id='word_1_281' title='bbox 427 4017 433 4028; x_wconf 88' lang='grc'>,</span> <span class='ocrx_word' id='word_1_282' title='bbox 498 3953 578 4024; x_wconf 88' lang='lat' dir='ltr'>tobr.</span> <span class='ocrx_word' id='word_1_283' title='bbox 605 3957 684 4022; x_wconf 88' lang='lat' dir='ltr'>anni</span> <span class='ocrx_word' id='word_1_284' title='bbox 700 3963 803 4042; x_wconf 61' lang='lat' dir='ltr'>atto.</span> <span class='ocrx_word' id='word_1_285' title='bbox 831 3971 1024 4036; x_wconf 75' lang='lat' dir='ltr'>memorata,</span> <span class='ocrx_word' id='word_1_286' title='bbox 1052 3979 1195 4025; x_wconf 83' lang='lat' dir='ltr'>caesarea</span> <span class='ocrx_word' id='word_1_287' title='bbox 1220 3973 1285 4037; x_wconf 85' lang='lat' dir='ltr'>est,</span> <span class='ocrx_word' id='word_1_288' title='bbox 1312 3961 1498 4042; x_wconf 76' lang='lat' dir='ltr'>saepissime</span> <span class='ocrx_word' id='word_1_289' title='bbox 1525 3959 1584 4024; x_wconf 83' lang='lat' dir='ltr'>sub</span> <span class='ocrx_word' id='word_1_290' title='bbox 1611 3959 1741 4040; x_wconf 82' lang='lat' dir='ltr'>impers-</span> 
     </span>
     <span class='ocr_line' id='line_1_35' title="bbox 495 4057 1026 4124; baseline 0.004 -4"><span class='ocrx_word' id='word_1_291' title='bbox 495 4069 565 4120; x_wconf 84' lang='lat' dir='ltr'>tore</span> <span class='ocrx_word' id='word_1_292' title='bbox 590 4057 749 4124; x_wconf 80' lang='lat' dir='ltr'>Fridericn</span> <span class='ocrx_word' id='word_1_293' title='bbox 776 4059 819 4123; x_wconf 87' lang='lat'>11.</span> <span class='ocrx_word' id='word_1_294' title='bbox 847 4079 1026 4124; x_wconf 75' lang='lat' dir='ltr'>assumens.</span> 
     </span>
    </p>
   </div>
   <div class='ocr_carea' id='block_1_16' title="bbox 0 0 1890 4720">
    <p class='ocr_par' dir='ltr' id='par_1_19' title="bbox 0 0 1890 4720">
     <span class='ocr_line' id='line_1_36' title="bbox 0 0 1890 4720; baseline 0 0"><span class='ocrx_word' id='word_1_295' title='bbox 0 0 1890 4720; x_wconf 95' lang='lat' dir='ltr'> </span> 
     </span>
    </p>
   </div>
  </div>
 </body>
</html>
