3848 4738
754 286 883 424 epists'
902 275 1053 374 ‘Putem¹
1361 233 1369 250 Ι
1403 282 1407 290 x
1507 289 1591 382 ttt'

210 519 391 610 habenda,
416 522 487 591 Seu
513 524 543 592 si
569 520 748 614 aliquibus
775 523 1015 592 communiter
1032 521 1096 600 ,uel
1123 513 1265 592 diuislm
1300 522 1346 592 ab
1372 523 1503 594 eadem
1545 527 1593 594 sit

121 631 127 638 '
158 689 162 712 ,
208 626 294 696 sede
319 623 521 707 indultum,
559 623 656 714 quod
674 622 846 716 interdici
880 621 1050 713 suspendi
1083 623 1143 690 uel
1178 625 1479 692 excommunicari
1518 647 1592 696 noa

207 721 349 816 possint
374 746 441 814 per
465 723 603 792 litteras
637 718 854 812 apostolicas
885 720 1163 792 nonsiacientes
1201 725 1343 813 plenam
1378 734 1414 791 et
1447 747 1592 816 expres·

207 849 283 894 sam
308 811 604 892 assederam
630 822 782 892 uerbum
808 823 855 891 de
878 821 1018 922 indulto
1043 823 1248 892 huiusmodi
1274 814 1503 895 mentionem.
1533 827 1591 893 da-

206 939 283 993 tum
302 925 417 992 Rome
443 913 714 1013 apud'sanctam
741 925 890 999 mariam
917 923 1176 992 transtiberim
1200 923 1282 1012 jdus
1302 924 1478 993 februarii
1504 946 1590 1018 pon·

127 1019 132 1036 '
206 1025 360 1092 titicatus
387 1022 502 1093 nostri
528 1027 631 1091 Anno
658 1024 789 1113 primo.
823 1019 913 1094 Nos
945 1020 1058 1113 igitur
1087 1021 1263 1095 mandata.
1298 1026 1494 1114 apostolica
1529 1049 1590 1094 vo-

205 1127 320 1192 lentes
348 1123 477 1215 exequi
502 1141 583 1190 cum
610 1124 814 1192 reverencia
841 1133 882 1192 ut
907 1133 1073 1192 tenemur
1089 1101 1195 1192 nobb
1220 1120 1373 1193 domino
1389 1121 1587 1218 Eptbcopo

203 1221 427 1316 pataviensi
448 1225 589 1312 prefsto
616 1243 657 1294 se
684 1221 850 1292 omnibus
874 1217 1049 1313 predictis
1086 1243 1153 1313 pro
1188 1225 1462 1300 necessitatibus
1494 1226 1588 1292 dicte

90 1371 95 1379 -
205 1325 303 1393 sedis
318 1331 353 1392 st
369 1333 490 1391 sancte
504 1325 666 1391 Romane
681 1322 832 1392 ecclesie
850 1322 991 1392 facilius
1007 1322 1189 1391 releuandi
1204 1323 1269 1404 (is)
1288 1323 1486 1393 subsidium
1501 1325 1589 1394 duo·

204 1445 287 1493 rum
311 1420 449 1490 milium
476 1424 696 1491 florenorum
721 1423 914 1500 auriboci
940 1432 975 1492 ct
1002 1423 1130 1514 legalis
1154 1423 1587 1515 ponderis-inposuimus

205 1534 242 1592 et
267 1523 440 1592 ducentos
466 1521 621 1591 florenos
648 1523 911 1612 pro=e1pensis
945 1523 1172 1613 presentibus
1203 1523 1411 1615 inponimus
1446 1527 1589 1618 persol-

204 1621 360 1696 uendum
384 1622 569 1700 inter-vos
595 1633 632 1691 et
657 1623 793 1692 clerum
822 1623 1034 1714 predictum,
1061 1645 1128 1714 per
1154 1643 1218 1693 vos
1243 1625 1496 1694 Reuerendum
1524 1627 1588 1694 Pa·

202 1731 295 1792 trem
333 1732 368 1791 et
392 1722 601 1806 dominum,
634 1720 819 1790 dominum
853 1724 1071 1814 Episcopum
1112 1733 1274 1792 nostrum
1311 1727 1348 1792 in
1382 1729 1449 1792 hac
1484 1737 1587 1816 parte

203 1821 489 1893 commissarium
515 1844 556 1890 ac
581 1821 882 1892 subcollectorcm
907 1824 1004 1890 iuxta
1030 1833 1194 1898 tenorem
1228 1845 1269 1891 ac
1302 1825 1456 1893 formam
1491 1847 1586 1906 com·
1652 1847 1657 1856 ¹

202 1923 383 1993 missionis
410 1923 513 1997 vobis
540 1921 632 1990 facte
658 1941 768 2012 super
792 1923 1005 1992 executione
1032 1923 1188 2010 predicti
1223 1937 1360 2018 n'egocy
1396 1937 1504 2015 prout
1537 1922 1589 1992 iu·

203 2037 303 2092 stum·
325 2023 436 2092 fuerit
461 2019 745 2117 diuidendorum,
765 2017 1001 2090 consideratis
1028 2022 1259 2090 facultatibus
1285 2035 1404 2094 vestre
1440 2035 1475 2091 et
1502 2025 1587 2091 alia·

203 2145 286 2191 rum
310 2123 542 2191 ecclesiarum
569 2121 872 2188 Monastcriorum
900 2131 934 2188 et
959 2123 1110 2188 aliorum
1138 2123 1281 2211 piorum
1307 2126 1472 2190 lucorum
1496 2137 1588 2212 ‚pre-

203 2225 401 2306 dictos-um,
426 2221 601 2310 vobisque
628 2221 795 2288 omnibus
821 2229 856 2286 et
882 2219 1032 2310 singulis
1067 2219 1280 2310 supradictis
1315 2223 1501 2314 utriusque
1536 2241 1589 2288 se·
1683 2235 1687 2242 ’

203 2344 272 2392 xus
300 2323 342 2389 de
380 2321 483 2390 bonis
512 2317 712 2388 redditibus
738 2317 915 2388 fructibus
940 2329 975 2387 et
1002 2317 1279 2390 obventionibus
1305 2332 1506 2390 vestrarum
1533 2343 1588 2389 ec-

110 2499 114 2506 .
203 2423 413 2501 elesiarum,
449 2419 749 2489 monasteriorum
776 2429 812 2487 ct
847 2415 1082 2509 collegiorum
1109 2421 1360 2511 Capitulorum
1394 2422 1586 2490 domorum

203 2517 526 2616 parrochianorum
552 2521 766 2596 stallorum
800 2519 1057 2588 beneficiorum
1098 2522 1375 2612 premissorum,
1411 2543 1587 2590 summam

203 2624 380 2691 dictorum
407 2609 630 2699 florenorum
664 2629 775 2710 prout
799 2618 948 2688 cuilibet
975 2631 1133 2689 vestrum
1158 2622 1495 2691 iniunctumiuerit
1532 2625 1585 2690 in-

201 2725 259 2792 ira
285 2722 603 2792 certos'terminos
628 2720 731 2788 vobis
758 2741 779 2788 a
806 2715 902 2788 dicto
924 2720 1074 2788 domino
1100 2722 1280 2812 Episcopo
1306 2721 1459 2790 iuridice
1485 2723 1595 2811 preli·

203 2823 340 2915 gendos
373 2821 564 2890 indicimus
597 2819 886 2911 persoluendum.
926 2823 1071 2913 Vosque
1098 2840 1232 2899 ¹omnes
1273 2833 1308 2890 ct
1349 2821 1509 2912 singulos
1551 2833 1587 2890 et

83 3005 90 3014 ,
141 2906 150 2918 ⁸
204 2924 403 3016 quemlibet
435 2931 593 2990 vestrum
629 2921 677 2989 ob
710 2915 971 2988 Reuerenciam
1006 2933 1127 2990 sancte
1163 2919 1259 2990 sedis
1294 2919 1491 3011 apostolice
1526 2921 1630 3006 exi,

203 3029 391 3094 hortamur
427 3031 463 3090 et
496 3017 749 3088 nichilominus
788 3019 890 3089 v'obis
928 3031 963 3088 et
1002 3019 1150 3088 cuilibet
1184 3033 1342 3091 vestrum
1382 3021 1416 3087 in
1452 3023 1586 3089 virtute

183 3135 325 3195 'sancte
352 3119 558 3218 obedientie
583 3130 617 3188 et
647 3122 720 3190 sub
744 3121 845 3209 penis
878 3117 1123 3210 infrascriptis·
1144 3119 1313 3191 districts
1350 3123 1595 3213 precipiendo
1698 3173 1707 3200 ,

204 3224 436 3306 mandamus,
463 3229 638 3312 quatenus
658 3221 994 3318 summantprefati
1022 3219 1169 3311 subsidy
1207 3231 1248 3290 ut
1281 3223 1501 3313 premittitur
1536 3223 1588 3290 i'n·

202 3323 404 3416 ponendam
431 3319 525 3387 inira
552 3331 669 3388 certos
685 3329 771 3388 'tres
793 3311 969 3388 'terminos
996 3307 1151 3414 quorum
1186 3322 1354 3412 primum-⁸
1371 3345 1438 3413 pro
1466 3319 1594 3414 primo·

202 3422 398 3493 secundum
427 3439 493 3509 pro
517 3411 677 3488 secundo
704 3431 742 3487 et
764 3411 917 3491 tercinin
944 3441 1016 3512 pro
1040 3421 1150 3488 tarcis
1176 3430 1212 3490 et
1242 3411 1496 3514 pcrensptorio
1515 3435 1595 3489 ter-0
1667 3441 1686 3493 J

202 3528 368 3594 minoas
396 3519 600 3588 monicione
626 3516 795 3588 canonica
827 3507 929 3589 robis
964 3519 1133 3589 omnibus
1170 3532 1207 3590 et
1241 3525 1401 3593 cuilibet¹
1423 3515 1584 3590 vestrum

142 3677 147 3684 .
202 3621 432 3717 presentibus
469 3621 692 3706 assignamus
713 3620 866 3718 'prefato
904 3621 1051 3689 domino
1087 3621 1273 3714 Episcopo
1301 3625 1441 3690 intras
1482 3633 1584 3711 parte
1635 3665 1657 3703 ι,

204 3719 459 3794 subcollsctori
486 3729 643 3802 nostro,
685 3719 742 3785 cni
777 3719 909 3787 dictam
952 3735 1140 3788 summam
1171 3725 1325 3814 pecunie
1365 3721 1584 3810 recipiendi,

204 3827 348 3916 Vosque
375 3830 410 3888 et
436 3815 634 3917 quemlibet
660 3831 820 3886 vestrum
847 3819 890 3888 de
917 3819 1040 3888 eadem
1076 3834 1222 3930 recepta
1247 3822 1422 3914 quittandi
1459 3833 1584 3890 tenore

205 3920 428 4013 presentium
454 3919 652 4010 plenariam
668 3913 842 3988 dedimus
868 3911 1110 4010 potestatem'‚=
1139 3922 1356 3989 insinuate
1383 3922 1584 4011 patauiensi

206 4023 351 4094 tradatis
377 4032 413 4090 ct
437 4021 582 4108 realiter
608 4018 796 4112 assignetis
822 4019 982 4114 alioquin
1008 4023 1036 4090 si
1063 4011 1523 4114 prestus-enatempssrius
1550 4033 1585 4092 et
