3772 4722
239 384 244 392 ’
319 380 409 482 200
731 347 1316 514 Βίρὶοῃιαιαῖἰιὴροηῑοτωη

320 624 482 697 Illeranie
510 630 544 690 et
568 621 609 687 B.
638 615 825 686 llarinthie
850 619 979 685 Duces.
1028 613 1189 684 Marohio
1215 613 1415 688 lebadea.
1467 617 1608 686 Comen.
1648 619 1691 685 H.

278 709 281 720 ¹
324 729 368 795 de
395 721 620 792 Ortembe'ro.
671 718 811 786 Comen.
854 720 893 810 A.
932 715 975 784 de
1001 707 1169 789 holaaaia.
1222 713 1446 783 Guarneriua
1480 715 1525 784 ‹lc
1557 717 1695 784 bollan·
1754 738 1757 749 ·

326 823 397 894 dia.
441 822 483 891 G.
510 832 545 888 et
571 821 609 901 C.
637 815 680 886 dc
707 815 911 885 hohenlloc.
963 813 1165 883 Guculinua
1189 813 1386 884 Riocardua
1412 810 1639 885 Camerarius
1658 827 1696 882 et

323 925 384 994 alii
413 943 521 1014 quam
547 922 679 1008 plures.
729 919 819 994 Acta
835 915 1003 993 ruatber
1021 935 1117 983 anno
1139 913 1318 983 dominica
1339 915 1598 1006 incarnationis
1617 915 1698 983 Mil·

323 1025 453 1094 lesimo
475 1017 719 1088 (tercentesimo
738 1016 923 1084 tricesimo
949 1013 1107 1082 necundo
1132 1014 1256 1083 Menae
1274 1014 1360 1082 Maii
1382 1015 1507 1106 quinte
1528 1013 1696 1082 Indictio-
1744 1067 1747 1073 .
1882 1005 1884 1020 '

325 1127 383 1192 nis
407 1123 614 1210 ¹Imperante
638 1115 785 1211 domino
810 1113 883 1184 PR
908 1111 1066 1202 seeundo
1092 1110 1149 1200 dei
1176 1114 1294 1202 gratia
1312 1114 1550 1208 Inuictiasieno
1567 1114 1696 1183 Roma·

324 1243 456 1292 narum
490 1220 715 1309 Imperatore
749 1234 893 1305 aemper
931 1217 1093 1302 Augusto
1125 1213 1325 1283 Jerusalem
1362 1222 1398 1281 et
1434 1211 1554 1282 Sicilie
1587 1213 1697 1302 Rege.

324 1327 430 1390 Anno
451 1315 596 1410 Imperii
617 1315 693 1383 eiua
709 1313 934 1384 duodecimo.
972 1313 1088 1406 Regni
1103 1311 1303 1383 Jerusalem
1320 1312 1492 1404 Septimo.
1528 1323 1565 1382 et
1579 1313 1698 1405 Regni

326 1419 440 1492 sicilie
466 1416 649 1487 tricesimo
675 1424 807 1508 quarto
832 1411 1012 1514 feliciter
1037 1417 1069 1483 Α
1118 1413 1157 1482 Μ
1207 1415 1237 1483 R
1287 1415 1329 1482 N.
1443 1485 1448 1492 ,

426 1628 559 1696 Datum
584 1629 672 1714 aput
694 1607 843 1690 'Panum
868 1617 1004 1727 Naouia
1029 1610 1134 1686 Anac
1160 1623 1286 1688 ltlcnac
1319 1613 1356 1688 at
1370 1656 1374 1664 ·
1388 1623 1586 1694 indictione
1620 1643 1702 1710 pre·

324 1727 481 1820 scriptia.
906 1751 908 1756 ¹
1687 1727 1694 1734 “

390 1963 424 2042 a)
450 1951 603 2041 Sigillum
628 1948 665 2014 in
692 1946 783 2014 amni
808 1967 864 2015 ara
889 1957 921 2011 at
944 1945 982 2010 ia
1007 1945 1116 2032 aliqua
1148 1958 1239 2029 parta
1272 1947 1425 2038 imaginis
1458 1924 1612 2034 uouni'bil
1635 1954 1702 2027 laa-

448 2075 523 2130 aum
546 2050 746 2139 appendebat
771 2069 812 2112 ex
837 2059 972 2132 quatuor
996 2041 1152 2112 funiculis
1180 2047 1310 2126 aericia,
1336 2069 1473 2133 quoram
1490 2051 1562 2114 birri
1579 2073 1619 2116 ex
1635 2053 1701 2120 lilia

447 2153 550 2230 rubri,
575 2149 647 2215 bini
671 2163 778 2218 autam
805 2169 849 2232 ex¹
870 2135 936 2213 filia
962 2147 1036 2212 flavi
1064 2143 1183 2212 colaria
1207 2163 1299 2214 arant
1324 2149 1478 2214 contexti.
1517 2149 1590 2216 larn
1609 2171 1698 2234 vera,

442 2251 605 2334 -diaraptia
631 2250 783 2313 omnibua
809 2245 984 2324 funiculia,
1009 2246 1145 2312 nonnisi
1169 2245 1237 2312 aola
1261 2248 1462 2316 extremitate
1487 2249 1586 2314 unius
1612 2249 1699 2318 funi·

453 2354 521 2422 culi
544 2349 636 2414 rubri
661 2345 779 2414 coloria
803 2347 906 2432 ipeam
933 2367 1037 2411 ceram
1060 2348 1277 2435 penetrantia,
1314 2361 1346 2414 et
1371 2349 1573 2416 extremitate
1599 2352 1699 2418 trium

361 2509 367 2522 ,
440 2443 675 2520 ,funiculorum
699 2448 901 2532 reliquorum
929 2465 1033 2512 ceram
1059 2467 1128 2510 non
1145 2449 1432 2529 transmeantium,
1457 2471 1569 2518 raccua
1588 2451 1704 2541 alliga·

447 2564 527 2644 ntum
552 2544 696 2616 cernitur
719 2546 784 2634 ipai
809 2543 1015 2612 membranae
1038 2543 1178 2613 inferiua
1202 2549 1419 2633 complicatae.

392 2731 424 2818 b)
451 2733 555 2800 Notae
581 2726 827 2824 chronologicae
852 2751 964 2834 amaea
990 2727 1074 2798 inter
1098 2753 1133 2800 ea
1160 2719 1370 2800 conveniunt.
1494 2738 1497 2746 '

397 2920 429 2999 c)
454 2913 587 2982 Ebilum
612 2914 649 2978 in
673 2913 756 2979 Riad
781 2913 848 2980 corb
875 2913 953 3000 dipl.
985 2913 1108 2982 Rctiab.
1132 2917 1158 2979 l.
1186 2911 1260 3004 369.
1284 2937 1317 2981 n·
1344 2925 1417 2984 385.
1443 2914 1568 2982 omiaaia
1595 2929 1704 2984 tamen

455 3027 592 3100 quatuor
617 3015 774 3099 perarata
909 3103 912 3112 .

268 3188 275 3198 ’
391 3195 711 3284 memoraturum
734 3211 843 3282 pcataa
877 3197 1025 3266 comitam
1058 3201 1387 3289 Waaaarburganacm
1419 3195 1520 3264 fniaaa
1553 3198 1703 3283 episcopo

452 3292 797 3482 Rggrzbogangiepclocct
821 3303 1051 3397 documentum
1073 3303 1161 3388 apud
1187 3299 1278 3370 Riec.
1306 3299 1331 3364 l.
1358 3315 1385 3363 c.
1412 3310 1486 3369 3¹15·
1512 3319 1546 3362 u.
1573 3311 1649 3383 tul.
1674 3319 1704 3362 a.
