3746 4720
678 362 944 466 asumma.
1051 485 1057 494 ¹
1407 335 1493 456 stt

650 763 968 904 seuseu.

337 997 430 1068 asro
461 1003 555 1066 1251.
608 995 725 1061 Mensa
748 999 903 1087 Augusto.
957 993 1042 1077 apud
1068 989 1286 1059 Niorimberc

134 1187 353 1277 conradus
380 1187 470 1295 1v.,
499 1191 543 1277 in
573 1218 719 1306 regem
749 1190 920 1293 electus,
951 1186 1005 1275 ad
1032 1217 1181 1302 preces
1206 1185 1390 1273 fratrum
1410 1187 1492 1275 ho-

133 1307 285 1422 spitalis
319 1307 495 1391 Sanctae
523 1307 685 1392 Mariae
724 1303 877 1391 domus
917 1304 1286 1392 Theutonioorum
1296 1369 1311 1410 ‚
1357 1307 1495 1391 eccle·

12 1449 17 1460 ·
131 1425 230 1510 siam
258 1423 304 1508 in
322 1421 648 1568 Ellingen·ctnn
670 1422 875 1518 ,omnihus
909 1423 999 1510 eius
1027 1421 1302 1536 pertinentiis,
1331 1422 1375 1510 in
1398 1451 1496 1536 gra·

191 1537 1508 1656 tiamsumnspecislemitesssumitfflrmlloslie-¹

293 1657 473 1742 nationis
505 1658 626 1744 titulo
655 1685 682 1743 a
711 1656 829 1772 regio
860 1654 1051 1742 dominio
1081 1653 1327 1744 dimittetur.

131 1819 379 1971 Conrtadus)
411 1884 472 1980 dei
505 1887 621 1982 gratia
646 1883 893 1961 Romanorum
923 1889 963 1960 in
987 1887 1124 1982 Regem
1146 1889 1311 1972 Electus,
1351 1899 1495 1977 semper

128 2009 317 2090 angustos,
350 2001 550 2073 Jerusalem
585 2016 621 2074 et
646 2005 768 2076 Sicilie
793 2007 904 2090 Rex„
933 2002 1089 2098 Dignum
1125 2021 1312 2074 censemus
1347 2009 1384 2066 et
1410 2017 1496 2065 con·

43 2181 46 2189 ι
128 2115 249 2168 sonum
274 2103 446 2193 equitati,
483 2113 523 2170 ut
556 2125 647 2196 qnos
681 2105 765 2174 fidei
798 2125 862 2174 aus
897 2105 1026 2172 merita
1058 2101 1264 2194 specialiter
1290 2099 1396 2168 nobis
1419 2098 1497 2164 iuo-

126 2207 225 2287 guat,
254 2199 405 2270 eosdem
430 2202 589 2272 liberalis
615 2202 871 2274 beneuolentia
894 2213 1020 2296 nostre
1046 2200 1270 2282 celsitudinis
1301 2195 1493 2288 specialius

126 2295 242 2367 foueat
267 2307 307 2368 et
334 2299 514 2370 defendat.
565 2303 639 2371 Hac
665 2301 843 2396 siquidem
869 2303 1008 2374 ratione
1033 2314 1161 2373 tenore
1186 2295 1413 2394 presencium
1432 2314 1496 2363 no·

125 2404 196 2464 tum
221 2396 377 2468 iacimus
402 2397 582 2471 uniuersis
607 2411 678 2471 lam
704 2402 932 2494 presentibus
958 2423 1066 2494 qnam
1090 2402 1232 2472 suturis.
1247 2395 1354 2491 quod
1369 2413 1432 2464 nos
1448 2401 1499 2461 st·

125 2495 310 2566 tendentes
335 2498 419 2569 fidei
446 2501 582 2570 merita.
610 2523 681 2596 qne
708 2501 838 2572 fratres
866 2503 1054 2592 hospitalis
1081 2513 1201 2574 sancte
1226 2498 1342 2566 Maris
1368 2495 1496 2563 domus

126 2597 416 2668 theutenicorum
443 2600 547 2669 nobie
573 2601 816 2672 exhibuerunt
842 2600 1090 2692 multipliciter
1109 2613 1146 2670 et
1163 2602 1308 2686 inantea
1325 2601 1518 2683 poterunt*
1623 2656 1634 2674 ,

5 2751 6 2754 ,
126 2695 315 2784 exhibere,
340 2699 425 2769 licet
449 2695 667 2768 uniuersalis
690 2701 816 2769 domus
843 2721 971 2768 eorum
999 2700 1223 2791 protectione
1251 2705 1377 2763 nostre
1409 2711 1497 2779 gau·

87 2789 202 2876 ¹'tleat
226 2795 398 2888 speciali,
435 2806 554 2866 tamen
590 2799 691 2866 inxts
723 2817 849 2890 preces
876 2797 1037 2888 ipsorum
1063 2793 1217 2866 lrstrnm
1244 2782 1432 2862 ecclesiam
1458 2789 1497 2856 la

124 2891 395 2986 lillingencum
422 2897 589 2968 omnibus
615 2898 687 2966 suis
715 2895 941 2989 pertinentiis
968 2898 1035 2966 sub
1061 2895 1198 2966 fauoris
1234 2903 1270 2961 et
1304 2887 1498 2983 protectio·

124 2989 176 3061 nis
201 3007 328 3064 nostre
354 2994 506 3088 gratiam
531 2993 722 3088 specialius
750 2996 914 3065 duximus
941 2995 1189 3066 assumendam
1200 3004 1217 3085 ‚¹
1235 2993 1287 3061 lta
1295 3041 1307 3078 ‚
1334 2999 1374 3058 ut
1396 2987 1495 3056 nullo

4 3155 9 3166 .
125 3092 349 3163 alienationis
377 3091 491 3183 titulo,
518 3097 594 3167 siue
620 3095 850 3182 uenditionis,
875 3089 1141 3182 insectationis,
1168 3088 1413 3184 obligationis,
1437 3085 1497 3156 uel

127 3191 193 3260 ⁰¹10
225 3215 444 3290 quocunque
479 3218 563 3264 casn
595 3197 721 3286 ipsam.
747 3191 934 3292 ecclesiam
960 3218 981 3265 a
1006 3195 1121 3266 nostri
1149 3192 1299 3263 dominii
1329 3185 1495 3299 menibus

127 3289 355 3364 dimittamus.
407 3295 585 3392 Quocirca
611 3297 823 3365 anctoritate
848 3295 951 3385 regia
977 3295 1129 3366 tirmiter
1154 3293 1360 3361 inhibemus
1384 3293 1497 3380 quatt-

4 3413 5 3418 ’
124 3411 189 3462 nus
216 3395 338 3462 nullus
363 3393 421 3478 sit,
447 3395 508 3487 qui
536 3395 666 3464 fratres
693 3391 852 3486 predicte
879 3395 1007 3466 domus
1024 3396 1067 3464 de
1084 3393 1253 3484 Ellingen
1275 3399 1497 3476 contregrs-

126 3491 208 3560 tiam
233 3493 439 3584 huiusmodi
467 3516 487 3561 a
513 3506 635 3564 nostra
661 3495 873 3563 celsitudine
899 3494 987 3584 ipsis
1012 3493 1144 3566 factum
1170 3489 1206 3559 in
1224 3489 1499 3576 bonisnslpos·

128 3594 346 3660 sessionibus
373 3593 446 3662 anis
473 3605 658 3686 presumat
684 3595 820 3663 teme're
847 3596 1051 3663 molestare.
1103 3590 1207 3690 Quod
1234 3589 1294 3684 qui
1313 3602 1499 3686 presump-

128 3690 223 3777 serit,
250 3691 535 3782 inffigoationem
562 3705 723 3764 nostrum
748 3716 786 3763 se
812 3695 900 3762 sciat
925 3694 1086 3784 grauiter
1099 3691 1310 3761 incurrisse.
1363 3684 1421 3753 Ad
1440 3702 1499 3752 ουτ

127 3787 181 3855 ius
214 3789 269 3858 rei
304 3791 512 3861 memoriam
548 3815 696 3886 presens
732 3794 908 3883 scriptum
944 3795 1028 3863 inde
1053 3791 1133 3872 fieri
1160 3799 1196 3860 et
1223 3785 1344 3878 sigillo
1369 3793 1497 3853 nostro

128 3885 296 3959 iussimus
322 3892 547 3962 communiri.
600 3897 732 3962 Datum
759 3890 853 3984 apud
869 3891 1098 3962 Niurimbere
1124 3909 1218 3959 auno
1245 3883 1424 3956 dominice
1444 3883 1497 3947 in·

129 3989 343 4058 carnationis
367 3989 562 4060 Mill'ssioso
585 3993 839 4063 Ducentesimo
866 3989 1173 4086 Quinqusgeaimo
1199 3987 1333 4079 primo:
1372 3981 1495 4052 Mente

130 4086 294 4180 Augusti.
347 4089 448 4161 None
475 4091 691 4164 Indictiouit·
1114 4098 1120 4109 '
1409 4123 1415 4130 ’
