3870 4718
546 387 549 394 ·
687 327 960 430 Aruernos.
1448 346 1506 430 et

143 572 237 646 asina
264 563 467 644 concambii
489 564 549 640 tel
572 561 833 660 cuiuscumque
856 563 1087 638 mannonis
1111 563 1157 636 ad
1182 565 1288 638 aliam
1315 585 1511 659 personam

142 674 185 743 ab
210 669 368 763 imperio
393 659 592 734 transferri.
617 663 688 738 nisi
712 664 758 736 de
782 687 885 740 atera
907 668 1096 738 uoluntate
1119 675 1156 738 st
1172 687 1318 740 mensa
1332 671 1510 762 principis
1585 675 1588 688 '

142 767 360 862 presidentis
386 776 423 836 et
446 759 734 834 ministerialium
759 765 922 835 eiusdem
947 765 1182 858 principatus.
1230 767 1304 838 Noa
1322 765 1437 858 igitur
1459 771 1510 840 iu·

120 869 258 946 ‚stitiaa
284 875 522 959 protectorer.
546 865 649 934 nulio
674 865 862 934 conamina
880 865 952 934 inei
970 865 1077 936 reniti
1091 867 1266 936 scientes.
1291 871 1506 940 sententiam

140 972 239 1040 iilam
266 966 434 1036 duximus
457 961 739 1056 approbantem
765 974 802 1035 et
825 965 925 1059 quoti
939 973 1065 1034 contra
1078 977 1298 1037 memor-ntae
1313 971 1510 1040 aecclesias

142 1080 179 1139 et
200 1089 329 1140 aarum
352 1066 536 1166 principes
559 1085 630 1157 pro
652 1064 835 1156 Episcopo
859 1075 897 1134 st
917 1066 1079 1136 Ecclesia
1092 1065 1365 1160 Ratispottense.
1391 1071 1511 1140 minus

143 1169 265 1238 debito
290 1167 501 1237 feceramus.
519 1164 680 1248 omnino
701 1165 978 1236 reuectamwe
1009 1167 1046 1236 in
1082 1167 1295 1236 continenti.
1318 1181 1510 1257 praesenta

142 1265 326 1360 Episcopo
352 1265 565 1359 praelibato.
613 1267 659 1334 tta
683 1285 729 1332 ne
754 1264 799 1334 ds
825 1275 947 1334 cataro
973 1265 1106 1336 similia
1131 1263 1352 1358 contingant.
1387 1266 1511 1337 decor·

142 1369 261 1438 nimus
288 1375 325 1438 et
350 1372 528 1458 perpetua
551 1362 772 1432 firmitudine
798 1361 1067 1434 obseruandum
1093 1361 1304 1436 iudicamus.
1322 1367 1420 1462 quod
1440 1390 1514 1438 non
1611 1368 1616 1374 ’

143 1466 250 1537 liceat
275 1462 341 1536 otti
367 1465 621 1534 Successorum
647 1467 856 1534 nostrorum
880 1463 1126 1532 Romanorum
1152 1463 1246 1558 Regi
1269 1487 1335 1536 seu
1357 1463 1514 1558 impera·

143 1568 226 1636 tori.
252 1563 493 1655 principatum
519 1560 686 1656 aliquem.
713 1572 754 1631 ut
780 1559 943 1652 superius
969 1563 1222 1632 sententiatum
1248 1573 1314 1634 est.
1340 1561 1513 1657 abimpe·

145 1668 200 1736 rio
235 1665 392 1736 alienare
424 1661 666 1756 aliquomodo.
700 1659 763 1730 sed
797 1681 921 1732 omnes
950 1662 1173 1754 principatus
1208 1665 1247 1732 in
1279 1685 1345 1736 suo
1369 1663 1452 1754 jure
1478 1677 1513 1735 et

143 1769 284 1838 honore
309 1763 444 1836 debere
469 1783 698 1834 conseruare.
750 1759 797 1828 Ut
821 1761 944 1854 itaque
970 1762 1100 1833 dilecta
1125 1760 1241 1834 tidelis
1265 1776 1389 1835 nostra
1415 1789 1515 1856 prae·

144 1865 329 1934 nominata
360 1864 400 1932 tt
434 1869 472 1956 et
503 1870 729 1931 successores
764 1859 842 1948 ejus
867 1861 1087 1932 Abbatissae.
1118 1872 1154 1932 st
1178 1861 1342 1934 Ecclesia
1366 1866 1513 1956 Regalis

143 1964 329 2034 Inferioris
354 1959 576 2030 monasterii.
600 1963 669 2030 hae
692 1963 867 2030 sententia
893 1961 1137 2052 graderetur
1162 1973 1269 2032 antea
1294 1974 1333 2034 st
1355 1965 1516 2056 glorien-

142 2073 203 2132 tur
228 2062 266 2130 in
292 2071 521 2154 perpetuum.
546 2063 616 2130 hoc
640 2059 816 2149 scriptum
841 2061 892 2131 eie
918 2059 1143 2130 indulsimus.
1168 2063 1291 2150 sigillo
1314 2058 1514 2134 Maiestatis

144 2172 290 2232 nostrae
315 2159 537 2234 roboratum.
575 2155 706 2228 Huius
732 2157 786 2226 rei
811 2166 894 2228 sunt
926 2162 1045 2230 testes.
1105 2159 1272 2236 ubertus
1298 2161 1515 2254 Magdebur·

145 2263 266 2356 gensis
293 2259 606 2350 Archiepisoopue.
631 2258 881 2352 Engelhertrs.
904 2259 1049 2330 Eiectus
1067 2259 1294 2330 coloniensis
1315 2262 1518 2353 Archispia·

145 2383 269 2454 copus.
320 2360 416 2429 Otto.
444 2356 737 2448 wirzburgensis
764 2355 967 2449 episcopor.
1005 2357 1104 2430 Otto.
1129 2355 1355 2451 frisingensis
1382 2362 1518 2455 episco-

146 2483 227 2552 pus.
261 2456 428 2528 Sittidus
452 2457 685 2548 Augusteosis
712 2458 920 2550 Episcopus.
953 2459 1131 2530 Volrioua.
1155 2460 1392 2533 Pattauiensis
1418 2461 1517 2532 Eleo·

5 2583 6 2592 ¹
122 2549 214 2630 ¹tus.
268 2558 427 2628 Ghuono.
454 2555 810 2628 abbasElwacensis.
847 2553 1053 2630 Lodwicus.
1079 2563 1162 2628 Dux
1186 2561 1363 2650 bawaris..
1387 2561 1517 2634 Comes

144 2660 334 2752 palatinas,
352 2654 453 2724 tteni.
502 2656 729 2724 normannus
757 2665 798 2724 et
818 2654 1011 2727 fridericus
1037 2657 1179 2744 fratres.
1215 2660 1444 2730 Marchioues
1470 2661 1515 2730 de

5 2817 7 2822 .
143 2759 273 2829 hadom
325 2753 517 2825 Gerendus.
544 2755 674 2825 Comes
699 2753 746 2821 do
770 2753 884 2824 Dicta.
935 2753 1032 2825 otto.
1059 2756 1142 2826 dux.
1168 2757 1364 2829 Meraoiao.
1414 2759 1515 2829 Hart-

145 2857 298 2928 mtionus
326 2862 362 2923 et
384 2853 592 2924 Ludwicus.
625 2853 784 2921 Comites
817 2853 861 2922 ds
886 2853 1144 2923 wirtenberrn.
1206 2855 1334 2925 Comes
1359 2857 1514 2925 Ernesto
1626 2850 1630 2864 '

147 2958 190 3026 de
214 2954 397 3026 villeseke.
448 2949 648 3024 Bertcldus
665 2949 798 3020 nobilis
824 2949 870 3020 de
895 2950 1015 3020 niffen.
1052 2961 1092 3020 et
1112 2949 1179 3019 felii
1203 2953 1269 3022 soi.
1322 2953 1514 3025 Heinricus

146 3057 383 3127 sisibertus.
434 3051 628 3124 Garnrdus.
656 3050 785 3120 Comes
818 3049 863 3119 da
887 3050 1037 3122 Rioeck.
1070 3052 1283 3122 Anchelmus
1317 3050 1362 3122 de
1387 3054 1514 3124 Iustin-

147 3177 229 3248 gsn.
254 3151 494 3224 Maecenatem
519 3149 675 3244 imperii.
712 3149 917 3224 watttrarna
951 3151 1126 3241 pincerna
1150 3149 1308 3242 Imperii.
1343 3153 1515 3222 Wernhe·

146 3276 212 3324 ms
243 3253 288 3322 ta
319 3251 525 3321 boolacdia.
568 3249 733 3342 Dapiier.
779 3251 891 3322 Dicto
921 3249 971 3319 tie
999 3251 1262 3322 Rauamhureit
1295 3253 1514 3325 “mumius

147 3353 311 3448 Imperii.
332 3361 370 3426 st
393 3351 460 3424 atii
481 3371 590 3444 pum
615 3353 749 3442 pterea

149 3566 339 3680 Signum.
368 3560 558 3648 Domini.
587 3557 830 3650 Fridcrici.'
848 3533 1045 3648 Secundi,
1082 3509 1392 3646 Romanorum.
1428 3557 1517 3647 Re·

149 3683 210 3795 gis
248 3697 303 3765 et.
341 3705 521 3793 semper.
553 3677 752 3791 Augusti.
793 3691 846 3758 et.
890 3675 1031 3792 Regis.
1074 3675 1266 3789 Syciliac.
1324 3672 1513 3794 (Mono-

663 3793 958 3907 stuvene)

247 4052 327 4144 ugr
352 4049 598 4128 murmure
621 4001 857 4124 uetares-'a
875 4049 1061 4144 sptrms
1079 4025 1293 4142 esterna.
1316 4047 1517 4140 rupuar·
