3804 4718
504 394 538 412 .,
650 325 914 420 Anthonticc.
996 374 1015 437 ·.
1042 353 1078 412 ¹.
1390 343 1481 432 tto

229 573 264 636 in
290 568 535 637 confirmatione
559 569 725 659 privilegii
750 571 868 648 baina,
908 569 948 634 tb
972 570 1053 653 imp
1080 571 1481 659 Fridericoll.cet1uenti

230 685 286 739 att.
315 683 403 738 1232.
431 691 543 736 monae
569 671 659 734 Maio
685 694 735 754 ap.
762 673 901 736 Utinam
927 671 1027 748 facta,
1055 693 1136 755 quoe
1160 675 1317 757 impreatt
1342 675 1478 742 hatum

228 773 263 836 iu
291 773 457 836 Schennat
480 774 555 836 cod.
569 773 693 836 Probat.
710 775 869 836 Wormnt.
903 784 975 842 111.
1002 795 1095 836 num.
1121 785 1175 842 21.
1201 779 1293 840 etin
1319 777 1477 844 debant
1585 810 1589 818 ·

228 873 293 961 wig
320 874 425 956 Relits.
452 875 554 956 Mapt.
582 875 651 936 VH.
682 883 894 954 δην-*5111-

80 1067 84 1075 ·
170 1027 201 1110 d)
225 1031 421 1096 natantum
448 1049 487 1092 ex
513 1025 648 1092 Archino
674 1025 879 1118 Anguitenei.

639 1319 936 1430 DGXCIX.

385 1557 605 1622 1111111231.
657 1567 684 1622 t.
710 1553 803 1617 Maii.
855 1557 941 1638 apud
966 1534 1193 1624 Wormttitm.

114 1739 327 1836 Heinricus
351 1749 445 1838 VH.
475 1779 554 1836 rex
584 1745 781 1844 omnibus
812 1751 1090 1866 principibus,
1121 1754 1414 1842 ecclesiasticis
1434 1777 1477 1844 et

24 1893 31 1980 f
115 1869 351 1976 mundanis,
391 1870 515 1980 plura
544 1871 739 1956 concedit
766 1870 1012 1986 privilegia,
1060 1872 1218 1986 quibus
1259 1874 1353 1959 illos
1383 1875 1477 1962 vult

115 1987 310 2102 gaudere,
357 1988 481 2074 salvia
519 1989 749 2106 privilegiis
785 2019 810 2075 a
849 1993 1040 2106 genitore
1081 2019 1160 2076 suo
1192 1991 1373 2077 obtentis
1404 2013 1478 2080 aut

115 2106 365 2216 obtinendis;
410 2105 562 2192 eodem
602 2135 778 2222 quoquo
813 2107 908 2193 iure
945 2109 1038 2194 vult
1064 2108 1250 2223 gaudere
1279 2111 1476 2220 vasallos,

173 2223 467 2315 ministeriales
499 2246 541 2316 11
569 2227 757 2316 civitates
788 2225 843 2312 ad
872 2258 918 2313 se
950 2246 993 2316 et
1020 2227 1250 2340 imperium
1280 2254 1406 2350 spec-

711 2363 913 2436 11111168·

114 2509 321 2644 Heinricna
348 2573 406 2644 dei
432 2576 548 2666 gratia
573 2577 821 2647 Romanorum
846 2579 930 2650 Rex
955 2590 992 2649 et
1017 2599 1163 2670 temper
1188 2589 1373 2670 augnatua.
1400 2583 1477 2652 rni-

114 2691 216 2758 uertit
240 2689 360 2781 Regni
385 2691 442 2780 eni
467 2691 634 2760 fidelibus
661 2690 814 2779 gratiam
842 2715 943 2762 auam
969 2702 1006 2761 et
1031 2715 1138 2762 omne
1163 2693 1310 2761 bonum.
1349 2695 1478 2766 Volen-

115 2799 160 2860 tet
185 2791 366 2882 principes
393 2801 538 2860 noatroa
564 2789 838 2861 Ecclesiasticus
863 2803 900 2862 11
925 2792 1135 2860 mundanos.
1163 2803 1375 2884 ceterosque
1390 2795 1477 2866 fide·

115 2890 161 2958 leo
181 2891 295 2984 Regni
323 2893 447 2960 nostri.
475 2894 510 2959 in
538 2913 601 2958 sua
627 2891 798 2978 libertate
824 2903 860 2961 et
876 2895 1027 2960 honore.
1049 2915 1197 2962 seruare
1216 2903 1253 2959 et
1269 2891 1477 2964 modieom-

114 2990 209 3063 nibna
234 2992 442 3062 consonet-e.
469 2992 514 3060 de
541 2993 668 3096 Regali
694 3003 818 3060 nostra
843 2995 1108 3080 munificencia,
1137 2993 1291 3083 gratiam
1318 2993 1369 3063 eia
1389 2989 1477 3066 seat-

114 3111 199 3180 totta,
224 3115 334 3186 quam
358 3115 379 3160 a
401 3077 624 3162 civitetibua
630 3095 763 3164 nostrie
789 3095 924 3163 eisdem
950 3095 1116 3164 volumno
1139 3093 1399 3163 inviolabiliter
1417 3095 1479 3166 ob·

115 3195 251 3262 temari.
305 3194 552 3264 Statnentea
540 3195 727 3284 inprimis,
764 3195 863 3312 pund
895 3198 1034 3264 nuttam
1060 3196 1202 3264 Novum
1229 3196 1394 3264 Castrum
1418 3201 1478 3268 vei

115 3289 307 3381 civitatem,
331 3295 369 3362 in
395 3295 632 3384 preiudioivm
659 3297 864 3387 principum
892 3309 1104 3368 construere
1130 3297 1336 3382 debepmue.
1387 3301 1477 3368 Item

113 3395 200 3484 quod
224 3397 324 3465 Nova
352 3393 444 3482 fora,
470 3398 626 3486 antiqua,
654 3399 892 3486 nonpossint
918 3397 1136 3489 aliquatinue
1162 3395 1349 3486 impedire.
1386 3401 1478 3468 Item

93 3493 217 3564 Nemo
243 3505 396 3585 cogatur
420 3496 466 3564 ad
492 3495 642 3589 aliquod
668 3497 788 3565 forum
815 3499 868 3565 ire
893 3499 1038 3566 invitus.
1088 3499 1179 3565 Item
1195 3497 1311 3565 Strate
1327 3495 1476 3591 antique

114 3615 178 3664 non
202 3597 439 3665 declinentur.
464 3594 533 3666 niai
559 3598 604 3666 de
630 3599 912 3668 transeuntium.
942 3601 1137 3668 voluntate.
1187 3599 1276 3665 Item
1303 3598 1340 3664 in
1357 3599 1479 3670 cirita·
1602 3633 1607 3658 t

114 3695 200 3766 tibna
224 3699 357 3768 nostrie
383 3699 571 3768 bannitum
591 3699 729 3766 miliare
748 3698 962 3790 deponatur.
1014 3703 1104 3767 item
1120 3698 1366 3789 vnuaqniaqne
1381 3699 1479 3789 prin-

115 3795 224 3886 cipem
247 3799 494 3887 libertatibus,
520 3799 856 3884 Jnriedictionibua,
883 3801 1139 3885 comitatibus,
1173 3800 1312 3884 Gentio,
1351 3795 1479 3873 liberie

115 3896 178 3965 tibi
201 3901 262 3970 nel
285 3895 487 3970 infeodatis.
514 3911 636 3970 vtetur
661 3901 802 3993 quiete,
835 3900 1035 3971 secundnm
1061 3911 1160 3968 terre
1186 3920 1251 3966 oue
1277 3911 1481 3971 conawetn·

117 3993 227 4068 dinem
258 4001 505 4092 approbatam.
564 4000 654 4070 Item
681 3999 889 4093 Centgrauii
925 4002 1100 4092 recipiant
1126 4000 1257 4067 Centau
1282 4021 1304 4066 a
1329 3999 1477 4074 domino

117 4103 224 4190 terre,
248 4104 307 4177 vet
330 4102 378 4174 ab
403 4123 448 4174 eo
473 4102 535 4196 qui
563 4125 630 4196 per
655 4103 841 4176 domiuum
866 4115 964 4176 terre
990 4102 1101 4173 fuerit
1126 4097 1340 4171 infeodatos.
1387 4103 1476 4172 Item
