3870 4718
767 298 1031 388 ludendos.
1532 313 1584 398 13
1618 345 1620 352 ⁴

219 541 310 611 citra
334 546 476 607 montes
500 531 766 626 archiepiscopi
792 532 1067 624 salzburgensis
1093 532 1220 602 existat
1244 531 1413 605 vicarius.
1442 538 1486 607 in
1513 561 1586 612 ιιιι·

216 649 358 710 ιιιοιιιο
384 635 606 734 monasterio
632 634 811 705 ordinare
839 635 902 753 qui
925 643 1065 706 tentum
1091 632 1136 702 ad
1151 633 1430 725 Salzbnrgenses
1450 641 1588 712 archis·

216 740 386 830 piscopos
411 749 447 804 et
472 725 545 802 nois
567 736 647 820 ad'
636 736 829 828 imperium
854 737 894 804 in
919 733 1104 824 regalibus
1130 733 1202 801 st
1190 755 1229 800 ιιι
1254 737 1431 810 uestitura
1454 738 1587 813 debeat

177 839 353 906 ·habere
377 847 590 927 respectum.
642 835 911 950 congnoscimus
938 835 1035 902 enirn
1052 833 1272 902 Gurcenscm
1299 857 1509 930 episcopum
1525 865 1589 934 qus
1705 913 1708 920 ,

219 937 492 1028 archiepiscopo
519 933 812 1026 salzburgensi
802 957 840 1002 ιιι
866 933 1038 1004 vicarium
1066 953 1258 1002 concessus
1283 955 1361 1004 esse
1387 937 1590 1012 dinoscitur

216 1045 368 1126 propter
392 1031 668 1128 amplitudinem
695 1035 922 1126 episcopatus
947 1035 1042 1103 ultra
1067 1043 1220 1102 montes.
1233 1054 1316 1101 ιιιο
1330 1037 1389 1104 uel
1403 1061 1589 1134 nunquam

217 1135 308 1204 citra
333 1147 475 1206 montes
501 1156 608 1226 posse
636 1150 760 1204 curem
786 1133 911 1202 vicarii
936 1134 974 1200 in
998 1129 1069 1202 hiis
1094 1155 1164 1225 qus
1191 1133 1396 1224 episcopale
1427 1139 1588 1212 officium

216 1237 368 1326 exigunt
393 1255 576 1304 exercere.
632 1237 679 1302 Vt
711 1245 831 1302 cutem
863 1234 930 1300 hec
963 1243 1085 1300 nostre
1113 1233 1358 1302 concessionis
1382 1237 1516 1324 pagina
1539 1240 1589 1314 in·

215 1347 436 1424 perpetuum
460 1334 675 1402 inconuulsa
700 1333 878 1396 habentur
905 1339 940 1396 et
964 1329 1078 1396 firma.
1104 1331 1300 1398 maiestatis
1316 1344 1441 1402 nostre
1456 1335 1590 1408 robora

82 1487 85 1492 ,
218 1435 484 1500 confirmamus.
533 1433 658 1494 'restes
684 1427 790 1493 huius
816 1426 869 1492 rei
895 1435 988 1493 sunt.
1048 1425 1207 1495 sivridus
1240 1433 1468 1518 augustensis
1501 1435 1593 1526 epis·

221 1552 344 1618 copus.
397 1524 610 1596 Chunrsdus
636 1524 908 1616 constantiensis
935 1523 1127 1614 episcopus
1232 1529 1379 1598 .abbns
1405 1531 1450 1602 de
1467 1535 1589 1606 salem.

218 1629 368 1696 wiricus
394 1627 505 1694 abbas
530 1625 644 1692 sancti
670 1625 766 1715 gelli
819 1623 1008 1692 Heinricus
1035 1623 1146 1692 abhas
1169 1625 1405 1716 augustensis.
1460 1633 1589 1706 Comes
1634 1705 1647 1720 ,

215 1719 465 1794 llsrtmsnnus
491 1721 535 1790 ds
569 1723 821 1792 Wirtenbcrelr
857 1733 893 1792 et
929 1723 1042 1792 irater
1084 1745 1170 1792 suus
1206 1745 1326 1796 coines
1357 1729 1587 1812 Ludossicus.

145 1851 153 1868 ι
215 1822 430 1894 Pertholdus
457 1821 501 1892 dc
526 1823 648 1892 niffen.
674 1833 711 1892 et
735 1823 829 1892 lilius
856 1843 941 1892 suus
967 1823 1171 1893 Heinricus.
1220 1827 1413 1898 Heinricus
1434 1830 1479 1902 de
1495 1837 1589 1904 chal·

79 2007 81 2010 Ι
216 1923 277 1992 din
302 1925 542 1992 marschalcus
566 1923 711 2012 imperii
736 1934 772 1992 et
798 1923 858 1992 clii
888 1945 995 2014 quam
1020 1925 1153 2014 plures.
1207 1925 1295 1993 Aeta
1312 1939 1395 1998 sunt
1411 1932 1477 2000 hec
1491 1935 1588 2026 opud

216 2023 451 2095 constantium
476 2043 571 2091 anno
598 2019 735 2092 domini
761 2023 970 2092 millessimo
997 2021 1083 2092 00⁰.
1100 2023 1209 2092 x1110.
1235 2025 1433 2098 indictione
1458 2035 1586 2124 prima.

256 2177 433 2294 Signum
463 2175 623 2264 domini
651 2173 860 2264 Friderici
890 2175 1066 2262 secundi
1095 2178 1391 2268 Romanorum
1421 2161 1594 2298 Regis

540 2293 824 2381 INuimissimi
853 2295 1319 2412 (Monogramma).

248 2529 256 2542 ·
313 2497 393 2590 Ego
419 2497 624 2566 chunradus
648 2497 822 2566 Metensis
848 2498 1039 2592 episcopus
1063 2499 1263 2590 imperialis
1297 2502 1379 2572 stile
1411 2503 1586 2574 cancella·

214 2599 289 2670 n‘us
314 2599 391 2667 vice
416 2597 606 2668 dominius
630 2593 837 2687 Moguntini
872 2609 909 2668 ct
946 2600 1061 2670 tocius
1095 2600 1280 2689 germanis
1312 2603 1587 2674 archicancells·

214 2701 260 2768 rii
286 2695 496 2786 recognoni.
559 2699 652 2764 Dsta
684 2695 781 2784 apud
813 2699 1052 2768 constantiam
1088 2721 1155 2788 per
1180 2721 1309 2769 manus
1331 2703 1515 2794 pertholdi
1542 2701 1604 2774 de.

215 2797 325 2870 niffen
343 2794 489 2898 regalis
524 2795 605 2862 sule
639 2794 915 2881 prothonotarii.
941 2797 1001 2864 VI.
1027 2797 1104 2862 stul.
1130 2798 1256 2936 aprilis
1281 2820 1376 2870 anno
1402 2813 1439 2872 el
1463 2801 1586 2871 indict.

216 2915 325 3040 supra
343 2872 506 2983 scriptis

179 3123 189 3184 g
279 3107 315 3182 a)
340 3095 491 3184 Sigillum
520 3089 588 3154 fers
613 3089 785 3174 illiorum,
820 3050 940 3172 optinis
975 3099 1084 3156 entem
1118 3110 1321 3174 expressum,
1362 3093 1522 3176 appendet
1547 3116 1588 3162 cx

218 3258 221 3266 ,
340 3193 405 3256 lilia
431 3193 538 3268 sericis
563 3191 653 3255 rubri
676 3190 745 3254 sira
769 3188 882 3272 potins
899 3191 1055 3274 purpurei
1080 3201 1112 3256 st
1136 3193 1249 3260 viridis
1276 3192 1401 3262 coloris.
1479 3187 1486 3208 ⁸

280 3350 309 3433 lq)
337 3347 439 3412 Notus
464 3345 708 3434 chronologicus
731 3345 817 3412 inter
840 3367 875 3411 as
899 3337 1108 3416 conveniunt.

229 3481 236 3488 ’
283 3509 310 3588 c)
337 3505 512 3568 Insditnm.
537 3497 622 3570 cuir.
647 3501 821 3584 diplomate
845 3502 982 3587 dasnpsr
1008 3499 1072 3590 060
1097 3503 1153 3568 rel
1177 3502 1283 3586 potins
1300 3516 1375 3586 oto·
1394 3517 1446 3574 30.
1463 3508 1572 3579 Octcb.

337 3604 472 3686 insuper
496 3599 573 3676 ills.
600 3621 737 3685 quorum
763 3603 936 3690 originalis
961 3605 1015 3666 hic
1040 3605 1174 3685 desum,
1199 3623 1252 3667 an.
1283 3611 1381 3672 lli'l'l·
1406 3626 1457 3689 ap.
1472 3610 1583 3682 Hund.

336 3701 497 3788 matr.·11.
522 3701 607 3765 Edit.
633 3701 764 3766 Monac.
794 3701 871 3770 236.
898 3704 974 3774 edit.
990 3703 1113 3786 listisp.
1144 3699 1214 3769 166.
1240 3722 1294 3764 sn·
1319 3713 1411 3772 1215.
1429 3709 1583 3780 Vlillal.

336 3805 420 3872 Nor.
450 3795 517 3884 (16.
544 3801 669 3886 Οιιοι.)
696 3815 913 3874 momontum
939 3806 977 3872 in
1002 3803 1138 3870 Jurnria
1163 3797 1241 3878 161·
1268 3811 1336 3868 not.
1360 3821 1392 3870 a.
1418 3859 1422 3870 .
