3804 4718
280 385 285 394 ·
340 271 345 287 ·
415 331 500 424 1'12
559 317 563 330 ’
678 309 684 320 ’
803 289 1049 436 Diplomata
1079 261 1392 433 inspectorum

985 669 1227 846 cclix.

724 953 821 1034 tnui
850 976 945 1036 tm.
996 978 1050 1036 ue.
1073 967 1176 1034 sunu.
1227 961 1314 1049 apud
1337 961 1481 1028 ulmam.
1574 1005 1576 1010 -
1700 1041 1703 1048 Ι

414 1163 641 1254 Heiurlcus
680 1159 776 1250 Vll.
817 1190 897 1248 rex
934 1160 1157 1249 ecclesiam
1185 1156 1491 1248 Faucensem
1478 1185 1523 1244 m
1558 1155 1786 1272 specialem
1841 1224 1868 1236 ..

415 1311 538 1371 suam
569 1301 610 1367 et
639 1279 809 1396 imperii
833 1279 986 1419 recipit
1010 1279 1337 1414 promotionem,-
1366 1303 1496 1392 quem
1514 1273 1641 1360 simul
1665 1303 1787 1362 com-

504 1399 647 1487 ¹mittit
674 1409 777 1512 pree
810 1397 924 1484 ositis
956 1416 998 1482 et
1029 1395 1221 1485 officiatis
1253 1398 1366 1482 circa
1394 1393 1682 1505 possessiones

647 1428 870 1602 eiusdem
899 1513 1102 1603 ecclesiae
1131 1512 1507 1602 commorantibus.

408 1651 636 1814 Heinrieus
660 1739 784 1814 diuina
808 1741 953 1814 iouente
978 1743 1179 1816 clementie.
1229 1743 1476 1814 Romanorum
1510 1741 1615 1812 Rex.-
1639 1697 1787 1832 simper
1897 1783 1899 1836 ;

349 1873 352 1880 ’
410 1862 604 1948 Augustus.
653 1856 725 1928 Per
757 1879 908 1948 presens
940 1860 1114 1950 scriptum
1146 1869 1273 1929 notum
1297 1859 1377 1928 lieri
1402 1857 1571 1927 uolumus
1606 1854 1789 1924 uniuersis
1899 1927 1900 1940 χ

409 1958 561 2074 Imperii
585 1956 754 2032 fidelibus
777 1957 877 2050 quod
902 1980 968 2030 nos
994 1958 1217 2029 attendentes
1243 1958 1350 2027 fidem
1380 1977 1522 2047 purum.
1552 1954 1787 2024 deuotionem
1898 1995 1900 2022 ι

411 2057 703 2126 sincerrimam
737 2077 810 2126 non
841 2067 878 2127 et
904 2058 1137 2128 Luudcbilem
1163 2057 1484 2126 conuersationem
1518 2049 1641 2123 dilecti
1670 2051 1785 2124 fidelis
1866 2066 1869 2072 '

383 2157 542 2226 uestri.
593 2154 769 2226 Dietouis.
795 2159 1010 2226 venerabilis
1037 2158 1177 2226 obbatis
1203 2153 1394 2226 leucensis.
1421 2163 1457 2224 et
1481 2149 1673 2224 frutru‘m
1662 2177 1699 2221 ιιι
1730 2174 1788 2222 eo·

414 2256 498 2325 dem
524 2257 605 2324 loeo
632 2255 937 2326 famolancium.'
925 2279 1043 2346 ipsum
1078 2268 1115 2326 et
1139 2256 1336 2324 Ecclesium
1370 2277 1471 2326 suum
1505 2275 1586 2322 cum
1620 2253 1789 2322 omnibus

414 2355 523 2426 honis
550 2354 637 2424 suis.
671 2353 867 2426 mobilibus
893 2366 930 2426 et
952 2355 1198 2426 inmobilibus.
1250 2355 1367 2447 Agris.
1399 2354 1552 2445 pascuis.
1587 2353 1788 2444 pisceturis.

331 2445 334 2460 ’
415 2453 641 2524 nemoribus.
668 2464 704 2522 et
730 2455 921 2524 montonis.
947 2455 986 2523 in
1010 2465 1172 2525 nostrum
1196 2456 1390 2545 specialem
1413 2463 1450 2523 et
1475 2453 1622 2544 Imperii
1649 2453 1788 2542 recepi·

414 2573 495 2622 tuus
527 2549 806 2630 Protectioosm·
859 2553 1077 2625 Stutuentes.
1114 2564 1151 2624 et
1182 2555 1408 2623 Auctoritete
1445 2553 1623 2644 presentis
1654 2552 1790 2642 Scripti

418 2652 681 2742 confirmentes.
710 2660 750 2720 ut
774 2653 873 2721 nullo
898 2653 1046 2722 omnino
1071 2674 1236 2744 persons.
1272 2655 1529 2744 cuiuscumque
1562 2651 1673 2720 fuerit
1700 2653 1792 2724 Con·

418 2751 574 2821 ditionis·
607 2753 681 2820 olto
712 2753 772 2820 uel
806 2751 963 2823 humilis.
998 2753 1248 2822 Ecclesiastico
1270 2756 1330 2822 uel
1355 2751 1537 2825 secularis.
1560 2749 1791 2822 antedictum.

418 2855 463 2920 D.
491 2852 669 2922 ebbetem.
694 2851 754 2928 uel
779 2851 935 2942 aliquem
962 2873 1211 2930 successorum
1236 2871 1398 2922 suorum.
1429 2852 1467 2920 in
1499 2851 1606 2920 bonis
1632 2852 1792 2922 Ecclesie

417 2973 480 3021 sue
514 2960 700 3042 presumat
734 2951 959 3040 perturbere.
999 2973 1066 3020 nec
1104 2953 1156 3022 eis
1197 2952 1393 3043 dompnum
1433 2950 1622 3042 aliquod
1611 2971 1792 3040 irrogare.

415 3048 522 3147 Quod
547 3050 609 3142 qui
636 3049 908 3165 presumpserit.
935 3051 973 3118 in
999 3071 1063 3119 sue
1089 3051 1303 3121 temeritatis
1336 3049 1543 3148 uindictam.
1578 3047 1793 3140 indignatis·

415 3169 500 3217 nem
536 3148 651 3216 nostri
687 3147 864 3218 culminis
920 3146 967 3218 Se
999 3151 1145 3221 nouerit
1177 3152 1339 3245 grauiter
1364 3137 1605 3218 incursurum.
1657 3153 1792 3220 Demus

419 3256 587 3339 pretereo
611 3245 790 3316 universis
815 3248 1011 3338 prepositis
1038 3261 1074 3320 et
1100 3249 1271 3320 Officietis
1296 3249 1443 3318 nostris
1470 3251 1566 3318 circs
1595 3251 1793 3346 possessio·

416 3367 482 3416 nee
515 3356 782 3436 prememorote
808 3347 969 3417 Ecclesie
995 3346 1311 3424 Conmoruntibus.
1346 3349 1542 3418 firmiter
1530 3373 1568 3417 ιιι
1601 3339 1790 3420 mundetis.

417 3456 459 3514 ut
485 3445 704 3538 quicumque
730 3445 934 3536 sepefatum
963 3449 1148 3517 Abbctem.
1173 3449 1212 3515 in
1247 3449 1353 3518 bonis
1379 3448 1539 3518 Ecclesie
1576 3469 1651 3517 sue.
1689 3448 1789 3532 inte

412 3545 501 3615 bite.
527 3555 564 3614 et
589 3556 715 3613 contro
740 3545 936 3615 iusticiam:
960 3547 1143 3616 offendere
1168 3550 1440 3640 presumpserit.
1491 3543 1569 3616 Sibi
1588 3548 1787 3618 Consilium

391 3636 453 3714 'et
484 3645 620 3714 Efficax
643 3642 836 3716 Auxilium.
875 3647 922 3715 sd
955 3645 1202 3719 defensionem
1237 3658 1274 3716 et
1306 3649 1501 3716 tuicionem
1524 3648 1687 3716 Ecclesie
1721 3670 1786 3719 sue

414 3744 625 3840 nullomodo
651 3744 859 3834 impendere
887 3746 1143 3818 contradicent.
1171 3757 1207 3817 et
1232 3769 1310 3816 eum
1335 3739 1570 3817 manutenere
1596 3757 1705 3840 etque
1729 3748 1787 3818 de·

415 3842 565 3912 fendere
598 3865 670 3914 non
701 3845 902 3934 obmittunt.
956 3845 1031 3916 Nos
1064 3847 1161 3915 enim
1193 3848 1330 3916 tociens
1356 3846 1487 3915 dictem
1512 3847 1711 3918 Ecclesium
1747 3845 1785 3917 in

418 3943 518 4011 omni
549 3943 628 4011 iure
659 3954 696 4013 et
727 3945 896 4014 libertate
928 3945 1007 4014 eius
1040 3967 1253 4035 permonere
1286 3947 1464 4015 volumus.
1497 3945 1590 4015 sicut
1618 3957 1783 4038 tempore
1847 3981 1862 3994 -

415 4039 649 4136 imperatoris
675 4043 838 4115 Heinrici
862 4044 931 4115 Avi
964 4045 1083 4117 nostri
1115 4045 1238 4116 inclite
1271 4046 1546 4120 recordationis.
1581 4039 1783 4118 dinoscitur
