3884 4726
315 363 319 374 ¹
430 407 561 492 272.
654 367 657 389 ¹
943 397 1250 552 'Authentice
1461 513 1464 520 Ι

315 653 320 664 “
400 639 404 647 “
435 648 472 708 ot
496 607 723 728 negotiorum
748 635 1000 728 principalium
1026 607 1133 743 quam
1152 648 1188 707 st
1203 657 1291 729 quas
1305 643 1462 712 movent
1466 645 1504 706 et
1518 651 1667 710 movete
1689 633 1785 707 loten
1901 651 1903 692 t

434 737 524 806 dunt
548 733 747 828 Episcopus
773 747 811 806 et
836 735 1038 827 Capitulum
1076 730 1288 828 supradicti
1295 744 1438 817 contra
1469 719 1655 824 ιὶιιιιιιιιιιι,
1686 735 1788 810 duest
1902 735 1903 798 l

435 836 631 912 Austrte.
652 833 867 906 Canontooe
894 833 1109 928 Capitulum
1132 847 1173 906 et
1196 833 1433 920 irmionem
1429 827 1694 932 Muyrlaouer
1710 837 1787 948 pre·

434 945 631 1006 sentotum
654 933 708 1004 od
728 935 1011 1029 preposituram
1040 934 1146 1006 dure
1184 933 1349 1006 ecclesie
1375 933 1515 1019 Sarrctt
1533 932 1788 1058 &epitetum

438 1035 606 1136 Wtettna
640 1035 794 1105 diocesis
827 1033 1044 1126 patauiensis
1076 1028 1239 1127 p'rediqte
1265 1043 1318 1104 et'
1341 1036 1453 1105 alios
1470 1055 1625 1136 questuri
1659 1035 1789 1106 iturea
1902 1113 1903 1126 q

315 1129 320 1143 '
434 1129 544 1234 super
558 1135 672 1228 dictis
699 1136 881 1205 erectione
916 1135 1127 1204 dotatione
1123 1135 1364 1226 exemptione
1395 1137 1483 1204 Jnre
1516 1146 1717 1228 patronatus
1741 1135 1790 1202 ¹in·

344 1249 346 1258 '
434 1237 622 1306 stitutione
649 1218 887 1354 prepositura
902 1245 939 1305 et
964 1236 1130 1305 omnibns
1157 1246 1193 1304 et
1218 1235 1387 1328 singuiis
1402 1244 1511 1326 sup'ra
1540 1234 1653 1310 diuis
1681 1245 1714 1304 ιι
1736 1235 1791 1302 lle·

432 1339 510 1406 hue
531 1337 609 1410 aliis
636 1345 671 1404 et
696 1337 885 1406 occasione
909 1331 1063 1423 eorum,-
1085 1337 1189 1406 nobis
1214 1337 1361 1428 egidio,
1388 1333 1571 1404 Cardiuali
1595 1334 1728 1427 prefato
1748 1330 1790 1416 ι’)
1902 1403 1903 1416 ,

327 1435 330 1444 ’
435 1437 613 1507 commisit
646 1431 869 1504 Audiendum
892 1441 938 1505 'et
971 1436 1226 1526 decidendum,
1262 1455 1353 1503 oum*
1377 1432 1647 1525 emergentibus
1676 1433 1790 1526 dep'en·
1902 1443 1903 1448 ’

367 1605 376 1624 ,
434 1535 620 1623 dentibus,
647 1536 959 1626 contingentibus,
985 1547 1022 1604 ιι
1047 1556 1128 1606 cum
1155 1545 1332 1624 potestate
1358 1535 1513 1622 citatim,
1547 1547 1652 1606 extra
1675 1533 1791 1602 curiam

389 1709 392 1718 ,
427 1645 472 1710 ,ιι
503 1636 541 1704 in
574 1637 739 1727 partibus
773 1637 888 1720 dictos
920 1633 1088 1739 dominos
1122 1634 1250 1724 duces,
1271 1637 1506 1722 iohannem,
1545 1635 1737 1705 Canonicos
1764 1640 1793 1700 ιι

434 1736 640 1825 Capitulum
667 1736 863 1824 prelibatos
901 1746 938 1802 et
963 1757 1089 1808 omnes
1115 1735 1205 1804 alios
1229 1753 1385 1828 quorum
1409 1736 1561 1804 interest
1594 1733 1791 1806 coniunctim

435 1846 471 1902 et
497 1833 654 1921 dluisim,
679 1834 786 1903 toties
812 1835 954 1926 quoties
972 1856 1063 1924 opus
1079 1835 1157 1904 erit.
1185 1856 1255 1902 non
1282 1833 1448 1922 obstante
1474 1834 1573 1927 quud
1595 1835 1685 1904 dicte
1704 1851 1792 1901 caute
1901 1907 1903 1926 ἦ

361 1961 374 2014 ,·
435 1954 507 2027 non
534 1933 624 2018 sint,
660 1932 721 2004 de
730 1931 788 2003 sui
813 1943 940 2002 notura
973 1933 1019 2003 ad
1044 1935 1246 2018 Romanam
1277 1937 1431 2023 curiam,
1473 1935 1645 2004 deuolute
1677 1955 1738 2003 nec
1764 1931 1793 1998 in
1902 1951 1903 1980 1

435 2049 475 2101 ea
502 2032 685 2104 tractande
711 2043 747 2104 et
772 2029 927 2102 finiende
953 2034 1144 2124 presertim
1172 2055 1254 2102 cum
1274 2046 1440 2142 propter
1457 2035 1680 2128 potentem,
1704 2032 1793 2102 dicto
1902 2035 1903 2064 l

434 2153 516 2201 rum
542 2132 770 2202 dominorum
804 2133 940 2202 ducum
974 2133 1059 2203 dicti
1084 2134 1274 2225 Episcopi,
1315 2137 1360 2204 Et
1371 2127 1594 2241 Capitulum
1626 2153 1716 2227 ιιιιιι
1733 2129 1793 2200 sint

433 2232 539 2304 Aust
559 2243 677 2304 extra
702 2229 934 2303 Romanum
945 2233 1094 2304 eurr'ttm
1128 2233 1324 2304 iusticiam
1341 2229 1477 2304 ebrum
1478 2230 1706 2331 prosequi,
1739 2249 1791 2298 net

396 2391 400 2400 .
433 2345 581 2428 sperent
614 2354 653 2404 se
687 2333 793 2423 posse
827 2337 999 2426 prosequi
1037 2337 1077 2404 ιιι
1095 2345 1276 2426 „asserunt
1306 2333 1460 2424 ,iusticie
1492 2337 1793 2427 complemedtnu,
1901 2403 1902 2408 χ

435 2433 542 2500 euim
578 2429 848 2502 commissionis
887 2435 1014 2526 vigore
1050 2455 1116 2503 nos
1148 2433 1551 2525 Egidius·Cardinalis,
1596 2435 1740 2504 Auditor
1768 2437 1794 2494 et
1890 2433 1902 2492 'A

423 2529 758 2623 interimemus,
790 2555 855 2623 per
881 2531 1074 2607 discretum
1100 2534 1218 2603 virum
1245 2545 1281 2602 et
1301 2531 1551 2626 prout'dttm.
1565 2543 1736 2621 (rasurae
1754 2528 1792 2594 iu·

392 2687 395 2695 .
435 2633 609 2722 scriptum
636 2640 707 2716 est)
733 2631 894 2701 Vlricum
920 2634 1056 2702 dictum
1080 2635 1228 2726 Lamp,
1238 2633 1429 2717 clericum,
1455 2633 1610 2702 diocesis
1635 2629 1792 2724 putauien·

416 2731 483 2800 'sis
509 2733 690 2830 predicte,
708 2729 903 2802 dictorum
938 2733 1167 2805 dominorum
1202 2733 1401 2824 Episcopi
1404 2743 1441 2801 et
1473 2734 1628 2824 Capituli
1663 2727 1791 2800 ecclesie

399 2874 404 2881 -
434 2834 652 2930 puteolensis
684 2844 978 2925 procuratorem,
1019 2834 1064 2901 de
1099 2834 1199 2902 euius
1222 2855 1386 2924 procure
1425 2833 1605 2919 mundato
1639 2828 1792 2922 legittime

432 2933 538 3002 nobit
565 2943 721 3018 constat,
748 2954 869 3006 coram
895 2931 999 3002 nobis
1025 2933 1268 3030 personaliter
1292 2934 1537 3024 constitutum,
1564 2934 1659 3001 Cum
1685 2933 1792 2999 iustam

433 3032 489 3100 oia
513 3033 712 3122 Requlsiti,
747 3055 811 3103 vos
837 3055 962 3104 omnes
989 3043 1025 3102 ιι
1050 3033 1212 3125 singulos
1247 3034 1472 3124 supradictos
1504 3031 1657 3128 quibus,
1689 3035 1793 3100 nostre

434 3141 620 3219 presentes
647 3133 749 3200 litere
774 3133 981 3224 diriguntur
1007 3134 1125 3224 primo
1152 3130 1309 3203 secundo
1336 3145 1372 3202 et
1408 3133 1521 3202 tercio
1548 3142 1584 3202 ιι
1608 3137 1793 3224 perempto·

239 3309 242 3317 Ι
363 3319 369 3327 .
433 3227 488 3294 rie
514 3239 640 3297 tenore
665 3232 884 3319 presentium
911 3231 1129 3328 requirimus
1156 3243 1193 3302 ιι
1218 3241 1404 3308 monemus
1421 3232 1597 3325 vobisque
1623 3235 1659 3300 in
1680 3231 1794 3307 virtute

420 3338 556 3396 sancte
581 3328 814 3417 obedientie,
844 3355 884 3403 ac
910 3333 981 3402 sub*
1004 3333 1385 3414 excommunicationis
1416 3354 1510 3424 pena
1541 3333 1654 3424 quam'
1685 3330 1720 3397 in
1741 3341 1793 3394 vot
1899 3377 1901 3398 ι

434 3435 471 3494 ιι
495 3437 655 3498 vestrum
682 3430 847 3520 Singulos
872 3432 1006 3502 cadem
1043 3433 1257 3502 auctoritate
1291 3437 1338 3501 ιιι
1370 3453 1466 3500 nunc
1504 3443 1613 3524 prout
1647 3453 1692 3499 ex
1721 3437 1794 3496 tnnc

379 3529 385 3536 ’
434 3528 605 3596 canonica
630 3531 834 3601 ιιιοιιίιίοιιι
855 3535 1030 3652 premissa
1055 3533 1240 3603 ierimus
1230 3555 1267 3601 ιιι
1301 3533 1372 3620 hijs
1409 3533 1571 3622 scriptis,
1607 3546 1738 3623 vosque
1765 3531 1795 3592 et

359 3631 370 3701 .“
432 3638 592 3697 vestrum
619 3628 834 3722 quemlibet,
873 3635 903 3703 si
930 3655 973 3704 ea
988 3654 1069 3726 que
1094 3632 1199 3702 vobis
1224 3642 1283 3701 et·
1288 3632 1436 3702 cuilibet
1460 3642 1620 3701 vestrum
1654 3623 1795 3700 commit·
1900 3699 1901 3710 χ

315 3805 323 3812 ,
391 3765 396 3776 ι
433 3727 541 3798 ιὶιιιιιι
579 3740 615 3798 ιι
653 3729 880 3820 mapdamus,
913 3733 1201 3851 contempseritis
1237 3732 1469 3829 neglexeritis
1492 3753 1565 3800 seu
1602 3722 1793 3799 distuleritis

385 3840 389 3848 ’
433 3829 694 3899 contumaciter
717 3829 933 3921 adimplere,
967 3844 1029 3902 aut
1054 3833 1169 3904 ineis
1194 3833 1254 3902 uel
1280 3854 1406 3902 eorum
1438 3831 1560 3923 aliquo
1590 3829 1795 3921 negligentes

431 3923 575 3996 fueritis
601 3929 875 4022 quomodolibet
900 3933 960 4001 uel
985 3923 1139 4001 remissi
1160 3915 1348 4002 incurrere
1383 3927 1594 4002 volulnus
1582 3949 1662 4023 ipso
1695 3927 1794 4006 lacto,

431 4025 604 4098 Districts
636 4031 871 4120 precipiendo
895 4029 1106 4101 Mandemus
1132 4032 1184 4102 lta
1217 4031 1316 4128 quod
1340 4033 1432 4104 slter
1457 4032 1613 4101 ulturum
1635 4049 1715 4096 non
1744 4041 1793 4091 ex·

430 4134 552 4214 pectet
576 4149 643 4198 nec
667 4151 757 4202 vnus
783 4152 851 4222 pro
876 4132 947 4202 alio
972 4152 1011 4203 se
1037 4137 1202 4218 excuset,
1233 4143 1412 4226 quatenus
1434 4151 1500 4204 vos
1530 4133 1574 4202 ιι
1604 4129 1792 4223 quicunque
