3870 4718
739 377 1004 471 Anthemiou.
1499 385 1553 477 15

184 627 325 696 honore
349 618 462 690 simili
484 618 603 688 forma
622 611 766 686 feodali.
792 611 899 688 nobis
926 611 1093 686 senserrs
1118 611 1269 684 curauit
1332 613 1399 686 llis
1425 616 1556 686 solum·

183 726 294 796 modo
322 720 484 812 exeeptis
510 739 579 811 quo
605 717 807 808 sepedictus
820 715 941 786 abbae
965 726 1048 786 ante
1073 723 1237 786 nostrum
1263 713 1458 788 aduentum
1474 715 1555 788 aliis
1599 714 1604 726 '

186 825 260 896 suis
285 821 452 892 fidelibus
477 816 576 890 visus
601 828 654 886 eat
679 816 873 888 contulisse
899 816 1026 888 eodem
1044 813 1247 886 turstenus.
1301 813 1410 888 Saluo
1426 815 1465 883 in
1482 817 1553 888 boo

187 926 327 990 honore
354 920 519 1012 prelibati
544 916 686 987 abbatis
713 929 747 986 et
774 919 946 992 ecclesiae
973 938 1048 986 sus.
1075 913 1172 1007 quod
1199 911 1278 1005 ipse
1304 915 1416 985 abbas
1442 925 1479 986 et
1498 915 1557 985 sui

187 1041 412 1092 successores
437 1040 566 1090 eorum
593 1018 771 1088 bonorum
798 1041 869 1110 que
894 1028 934 1087 ut
958 1015 1176 1107 prelibatum
1202 1024 1258 1084 est
1273 1014 1317 1081 ad
1338 1015 1557 1086 bene‘fioium

186 1121 367 1218 quondam
392 1119 634 1212 prenominati
662 1105 880 1188 Marohionis
907 1116 1139 1209 pertinebant
1164 1113 1320 1184 debeant
1344 1135 1422 1184 esse
1441 1115 1557 1186 nostri
1665 1107 1675 1130 '

182 1223 395 1321 prouisorea
421 1243 485 1290 sou
509 1227 774 1310 procuratores.
801 1227 839 1290 vt
862 1219 1002 1324 siquem
1029 1217 1209 1285 desectum
1235 1214 1373 1308 aliquo·
1394 1224 1558 1302 tempore

182 1323 367 1414 patiamur
392 1320 430 1386 in
455 1320 534 1387 iure
561 1330 698 1386 nostro.
726 1321 785 1385 vel
811 1317 849 1384 in
871 1317 1111 1408 petitionibus
1134 1335 1242 1404 super
1267 1314 1393 1382 eadem
1409 1313 1562 1384 aduoca-

183 1423 236 1489 tia
259 1419 447 1488 faciendis.
473 1416 672 1483 seeundum
698 1414 796 1504 quod
822 1434 882 1482 eas
908 1414 1054 1482 nuntius
1081 1421 1205 1482 noster
1229 1411 1274 1480 aa
1299 1417 1370 1481 hoo
1407 1411 1559 1482 destina·
1681 1475 1684 1480 .

79 1503 88 1516 ⁸
185 1527 247 1586 tus
283 1515 486 1605 inposuerit
515 1512 667 1582 oonsilio
693 1513 833 1580 abbatia
865 1507 1026 1603 sepefata
1051 1509 1213 1582 eeclesia.
1240 1511 1286 1580 de
1309 1512 1366 1582 lais
1391 1513 1560 1584 omnibus

186 1616 297 1685 nobie
323 1612 539 1704 respondeat
564 1612 642 1702 ipae
665 1611 779 1680 abbas
805 1619 841 1680 et
865 1611 1059 1682 satisfaciat
1082 1611 1120 1680 in
1145 1609 1337 1700 integrum.
1375 1615 1460 1704 quia
1496 1615 1559 1688 illa

187 1716 395 1808 quicunque
426 1707 536 1790 suerit
569 1721 694 1782 noster
727 1710 874 1784 nunnus
910 1711 955 1783 aal
987 1715 1058 1782 hoo
1082 1709 1293 1782 destinatas.
1322 1713 1473 1784 oonsilio
1498 1715 1560 1784 ab·

185 1811 281 1884 batis
307 1811 370 1905 qui
396 1833 465 1901 pro
490 1822 656 1902 tempora
679 1812 792 1880 fuerit
818 1812 900 1882 iura
923 1822 1046 1882 nostra
1070 1819 1196 1902 patera
1221 1819 1258 1882 et
1283 1813 1476 1902 petitiones
1487 1835 1558 1906 pro
1632 1881 1640 1894 ,

184 1915 290 1985 nobis
325 1911 433 1982 dabat
457 1911 651 2001 inponere.
711 1911 857 1980 Nullum
883 1921 1004 1982 autem
1039 1911 1187 1984 omuino
1214 1913 1454 2003 prouisorem
1481 1915 1559 1986 sius

186 2022 463 2112 procuratorem
488 2033 600 2102 super
624 2010 812 2080 aduocatis
834 2022 943 2104 atqua
967 2011 1074 2082 bonis
1099 2011 1295 2102 pretaxatis
1331 2015 1468 2086 habers
1502 2014 1561 2086 da·

35 2199 42 2208 Ι
185 2113 314 2184 bemus
344 2121 575 2202 preterquam
610 2111 776 2179 abbatem
809 2114 928 2202 ipsum
963 2121 999 2182 et
1025 2131 1129 2180 suum
1156 2130 1413 2180 successorem.
1481 2113 1561 2184 Noa

188 2223 308 2286 autem
334 2233 380 2280 ex
404 2211 526 2280 innata
550 2210 656 2296 nobis
681 2213 780 2300 regia
805 2207 1046 2301 prouidentia.
1070 2213 1234 2282 uolentes
1251 2218 1325 2279 tam
1341 2206 1561 2283 laudabilem

187 2313 301 2404 ipsius
333 2308 475 2382 abbatis
506 2323 690 2402 tamquam
721 2312 814 2380 bona
844 2312 978 2381 meriti.
1012 2311 1090 2381 sius
1114 2311 1453 2406 recompensatione
1478 2333 1559 2404 per·

187 2413 353 2490 transire.
407 2409 623 2479 Comitatum
652 2412 976 2500 Campidononsem
1002 2413 1035 2480 ai
1063 2420 1098 2480 et
1124 2411 1290 2480 omnibus
1318 2411 1391 2484 suis
1418 2433 1558 2483 succes·

188 2512 331 2583 soribus
359 2531 440 2578 oum
466 2511 564 2578 omni
589 2509 669 2598 jure
696 2514 905 2582 ethonore.
933 2513 1075 2581 ratione
1099 2508 1226 2602 legalis
1252 2511 1350 2580 feodi
1377 2517 1414 2581 'at
1445 2514 1559 2583 hono·

187 2612 314 2687 rabilia
334 2607 501 2680 beneficii
526 2611 695 2682 nanterre
721 2613 938 2682 curauimus.
989 2613 1192 2684 statuentes
1219 2621 1262 2680 et
1280 2611 1409 2704 Regali
1438 2613 1557 2682 eutoso

188 2711 418 2791 sanctientes.
451 2719 488 2778 vt
520 2714 620 2780 nulla
652 2711 798 2780 omnino
832 2733 988 2804 persona
1021 2711 1168 2780 humilis
1193 2712 1251 2780 vel
1276 2712 1360 2780 alta.
1388 2712 1559 2781 secularis

187 2813 246 2878 vel
280 2808 524 2875 aeclesiastica
556 2811 622 2873 hoo
652 2808 854 2896 infringere
886 2809 1026 2876 veihis
1054 2810 1223 2875 omnibus
1248 2829 1340 2876 ausu
1365 2811 1561 2877 temerario

188 2911 310 3000 aliquo
336 2915 502 2996 tempore
528 2905 780 2971 contrauenire
805 2913 1001 2992 presumat.
1053 2907 1102 2968 vt
1130 2913 1248 2970 autem
1267 2904 1468 2972 heoomnia
1482 2927 1562 2996 per·
1629 2937 1631 2942 v

187 3017 333 3103 petuam
359 3003 564 3072 sarciantur
590 3001 807 3070 euidentiam
835 3012 871 3070 et
895 2999 1155 3070 firmitudinem
1180 3001 1273 3069 bane
1299 3002 1470 3094 paginam
1491 3005 1563 3098 pri-

187 3106 314 3200 uilegii
338 3102 457 3173 soribi'
476 3103 644 3174 iussimus
663 3097 790 3192 sigillo
805 3101 1002 3172 Maiestatis
1027 3110 1150 3173 nostre
1175 3101 1396 3172 roboratam.
1447 3107 1562 3176 Huius
1585 3091 1591 3104 ”

187 3207 243 3277 rai
268 3214 381 3274 testes
407 3213 500 3272 suut.
528 3202 742 3272 chunradus
769 3203 1055 3273 constantiensis
1080 3203 1291 3296 Episcopus.
1317 3198 1472 3274 sifridus
1490 3211 1560 3276 Au·

188 3305 368 3401 guatensis
393 3301 606 3394 Episcopus.
645 3303 848 3385 Hainrioue.
889 3306 1058 3394 augensis
1092 3305 1214 3372 abbas.
1260 3305 1414 3374 Vlrious.
1438 3307 1559 3380 Abbas

189 3405 303 3480 saneti
329 3403 441 3474 Galli.
560 3404 680 3472 Abbas
706 3402 751 3474 <le
775 3405 1032 3482 Wiusnburoh.
1067 3402 1256 3474 Rudolfua.
1283 3404 1412 3474 Comes
1438 3408 1560 3496 palati·

189 3528 268 3580 nus.
296 3504 341 3573 de
365 3503 566 3592 tuningen.
593 3503 732 3574 Comes.
759 3503 864 3593 Egno
891 3504 937 3576 de
950 3505 1080 3574 Vraolr.
1106 3504 1349 3578 Hartmannus
1369 3515 1405 3572 et
1418 3505 1562 3577 Lndwi-

190 3629 253 3678 ons
278 3603 411 3674 fratres
437 3603 596 3674 Comites
621 3601 666 3672 ds
691 3603 956 3676 Wirtenberoh.
992 3605 1123 3673 Comes
1147 3603 1346 3693 Diapoldus
1377 3603 1421 3674 de
1448 3606 1559 3680 chere

191 3710 320 3780 Comes
335 3705 587 3775 -llartmaunus
607 3701 652 3772 de
670 3703 927 3797 Chirobperoh.
940 3703 1083 3785 ¹Comes
1102 3698 1304 3777 Heinrious.
1332 3702 1376 3772 de
1389 3703 1557 3794 borgow.

188 3805 379 3882 Bartolalus
405 3805 528 3874 sanior
551 3802 597 3874 da
613 3803 734 3874 niffen.
762 3802 953 3880 Hainrirus
980 3804 1025 3876 de
1040 3806 1162 3877 Saooo.
1184 3803 1376 3872 Bertoldus
1403 3813 1439 3871 et
1463 3803 1559 3878 iilius

189 3930 275 3980 suus
300 3907 344 3976 ale
369 3905 618 3976 Druoluhureh.
645 3904 837 3977 Hainrious
863 3905 1171 3979 doRotenberob·
1194 3901 1470 3996 Lampertusde
1491 3905 1561 3972 Ha-

189 4009 309 4078 salaoh
331 4003 642 4079 Eberhsrauede-
656 4005 853 4077 lliohheim.
881 4007 1073 4077 Hainrioua
1100 4003 1144 4071 de
1163 4002 1374 4072 Chalantina
1394 4003 1560 4068 marcual-

190 4129 253 4180 ons
285 4104 444 4200 Imparij.
488 4108 717 4195 Hermannus
751 4105 795 4178 als
832 4105 1042 4179 Salaberota
1088 4101 1285 4178 andnima
1321 4101 1365 4176 da
1391 4098 1558 4170 llotaohe
